TIMESTAMP,PRICE,SIZE,BUY_SELL_FLAG,ORDER_TYPE,ORDER_ID,MARKET_ORDER_TYPE,CANCEL_TYPE
2019-01-02 09:30:00.000000,9.490,3000,2,2,133691,0,2
2019-01-02 09:30:00.000000,9.690,3000,2,2,133844,0,2
2019-01-02 09:30:00.010000,9.390,200,2,2,134496,0,2
2019-01-02 09:30:00.010000,9.370,500,2,2,134584,0,2
2019-01-02 09:30:00.010000,9.370,5200,2,2,134586,0,2
2019-01-02 09:30:00.010000,9.370,900,2,2,134638,0,2
2019-01-02 09:30:00.010000,9.370,600,2,2,134653,0,2
2019-01-02 09:30:00.010000,9.370,3200,2,2,134661,0,2
2019-01-02 09:30:00.010000,9.370,400,2,2,134663,0,2
2019-01-02 09:30:00.010000,9.370,400,2,2,134665,0,2
2019-01-02 09:30:00.010000,9.370,900,2,2,134669,0,2
2019-01-02 09:30:00.010000,9.370,2400,2,2,134671,0,2
2019-01-02 09:30:00.010000,9.370,2300,2,2,134673,0,2
2019-01-02 09:30:00.010000,9.370,500,2,2,134677,0,2
2019-01-02 09:30:00.010000,9.370,500,2,2,134679,0,2
2019-01-02 09:30:00.010000,9.370,400,2,2,134681,0,2
2019-01-02 09:30:00.010000,9.370,400,2,2,134689,0,2
2019-01-02 09:30:00.010000,9.370,800,2,2,134691,0,2
2019-01-02 09:30:00.020000,9.400,3100,1,2,134789,0,2
2019-01-02 09:30:00.020000,9.370,400,2,2,134893,0,2
2019-01-02 09:30:00.020000,9.370,500,2,2,134898,0,2
2019-01-02 09:30:00.020000,9.370,900,2,2,134900,0,2
2019-01-02 09:30:00.020000,9.370,700,2,2,134904,0,2
2019-01-02 09:30:00.020000,9.370,500,2,2,134906,0,2
2019-01-02 09:30:00.020000,9.370,7500,2,2,134912,0,2
2019-01-02 09:30:00.020000,9.370,800,2,2,134918,0,2
2019-01-02 09:30:00.020000,9.370,500,2,2,134920,0,2
2019-01-02 09:30:00.020000,9.370,900,2,2,134922,0,2
2019-01-02 09:30:00.020000,9.370,800,2,2,134924,0,2
2019-01-02 09:30:00.020000,9.370,600,2,2,134926,0,2
2019-01-02 09:30:00.020000,9.370,400,2,2,134928,0,2
2019-01-02 09:30:00.020000,9.370,2100,2,2,134930,0,2
2019-01-02 09:30:00.020000,9.390,1000,2,2,135119,0,2
2019-01-02 09:30:00.020000,9.480,3000,2,2,135137,0,2
2019-01-02 09:30:00.030000,9.210,2000,1,2,135533,0,2
2019-01-02 09:30:00.030000,9.690,2000,2,2,135565,0,2
2019-01-02 09:30:00.040000,9.470,8900,2,2,135916,0,2
2019-01-02 09:30:00.050000,9.320,1100,1,2,136144,0,2
2019-01-02 09:30:00.050000,9.410,100,1,2,136152,0,2
2019-01-02 09:30:00.050000,9.410,100,1,2,136168,0,2
2019-01-02 09:30:00.060000,9.690,4400,2,2,136803,0,2
2019-01-02 09:30:00.060000,8.850,100,1,2,137164,0,2
2019-01-02 09:30:00.060000,9.750,4400,2,2,137384,0,2
2019-01-02 09:30:00.070000,9.780,1100,2,2,137605,0,2
2019-01-02 09:30:00.070000,9.400,1900,1,2,137615,0,2
2019-01-02 09:30:00.070000,10.00,1400,2,2,137655,0,2
2019-01-02 09:30:00.070000,9.390,600,1,2,138052,0,2
2019-01-02 09:30:00.080000,9.250,100,1,2,138679,0,2
2019-01-02 09:30:00.080000,9.320,500,1,2,138777,0,2
2019-01-02 09:30:00.080000,9.450,400,2,2,139063,0,2
2019-01-02 09:30:00.090000,9.390,1000,1,2,139307,0,2
2019-01-02 09:30:00.090000,9.500,500,2,2,139337,0,2
2019-01-02 09:30:00.090000,9.450,300,2,2,139748,0,2
2019-01-02 09:30:00.090000,9.020,600,1,2,140057,0,2
2019-01-02 09:30:00.100000,8.520,1000,1,2,140147,0,2
2019-01-02 09:30:00.100000,9.400,6000,1,2,140200,0,2
2019-01-02 09:30:00.100000,9.390,1300,1,2,140253,0,2
2019-01-02 09:30:00.100000,9.550,500,2,2,140292,0,2
2019-01-02 09:30:00.100000,9.400,2000,2,2,140444,0,2
2019-01-02 09:30:00.100000,9.390,100,1,2,140558,0,2
2019-01-02 09:30:00.100000,9.430,700,2,2,140644,0,2
2019-01-02 09:30:00.100000,9.600,500,2,2,140681,0,2
2019-01-02 09:30:00.100000,9.380,3000,1,2,140739,0,2
2019-01-02 09:30:00.100000,9.400,1600,1,2,140892,0,2
2019-01-02 09:30:00.100000,9.400,3000,2,2,141152,0,2
2019-01-02 09:30:00.100000,9.280,300,1,2,141238,0,2
2019-01-02 09:30:00.100000,9.390,3100,1,2,141245,0,2
2019-01-02 09:30:00.100000,9.340,1000,1,2,141286,0,2
2019-01-02 09:30:00.110000,0.000,100,2,1,141610,1,2
2019-01-02 09:30:00.130000,9.430,2500,2,2,143425,0,2
2019-01-02 09:30:00.130000,9.500,2000,2,2,143543,0,2
2019-01-02 09:30:00.140000,9.400,2100,1,2,143674,0,2
2019-01-02 09:30:00.140000,9.380,2000,1,2,144010,0,2
2019-01-02 09:30:00.140000,9.450,3000,2,2,144058,0,2
2019-01-02 09:30:00.140000,9.460,2000,2,2,144107,0,2
2019-01-02 09:30:00.140000,9.290,1300,1,2,144366,0,2
2019-01-02 09:30:00.140000,9.490,1000,2,2,144626,0,2
2019-01-02 09:30:00.140000,9.400,800,2,2,144642,0,2
2019-01-02 09:30:00.140000,9.390,100,1,2,144655,0,2
2019-01-02 09:30:00.150000,9.400,2300,1,2,144883,0,2
2019-01-02 09:30:00.150000,9.850,100,2,2,144899,0,2
2019-01-02 09:30:00.160000,9.800,5600,2,2,145701,0,2
2019-01-02 09:30:00.160000,9.390,3500,2,2,145718,0,2
2019-01-02 09:30:00.160000,9.990,14200,2,2,145779,0,2
2019-01-02 09:30:00.160000,9.360,1000,1,2,145834,0,2
2019-01-02 09:30:00.160000,10.01,2000,2,2,145994,0,2
2019-01-02 09:30:00.160000,9.400,300,1,2,146028,0,2
2019-01-02 09:30:00.170000,9.400,2500,1,2,146440,0,2
2019-01-02 09:30:00.180000,9.460,8700,2,2,147452,0,2
2019-01-02 09:30:00.180000,10.00,500,2,2,147902,0,2
2019-01-02 09:30:00.180000,9.480,2000,2,2,147933,0,2
2019-01-02 09:30:00.180000,9.570,1000,2,2,148075,0,2
2019-01-02 09:30:00.190000,9.390,5000,1,2,148398,0,2
2019-01-02 09:30:00.190000,9.400,100,1,2,148650,0,2
2019-01-02 09:30:00.210000,8.900,1000,1,2,149749,0,2
2019-01-02 09:30:00.210000,10.00,1000,2,2,149803,0,2
2019-01-02 09:30:00.210000,9.390,1400,2,2,149990,0,2
2019-01-02 09:30:00.220000,9.380,500,1,2,150025,0,2
2019-01-02 09:30:00.220000,9.390,200,1,2,150114,0,2
2019-01-02 09:30:00.220000,9.410,46800,1,2,150118,0,2
2019-01-02 09:30:00.220000,10.30,2000,2,2,150315,0,2
2019-01-02 09:30:00.220000,9.470,2000,2,2,150518,0,2
2019-01-02 09:30:00.220000,0.000,2000,2,2,144107,0,1
2019-01-02 09:30:00.230000,9.410,2700,2,2,150704,0,2
2019-01-02 09:30:00.230000,9.380,200,1,2,150706,0,2
2019-01-02 09:30:00.230000,9.000,100,1,2,150869,0,2
2019-01-02 09:30:00.230000,9.310,20000,1,2,151007,0,2
2019-01-02 09:30:00.230000,0.000,20000,1,2,73308,0,1
2019-01-02 09:30:00.240000,9.260,400,1,2,151417,0,2
2019-01-02 09:30:00.240000,8.500,200,1,2,151610,0,2
2019-01-02 09:30:00.240000,9.340,1000,1,2,151665,0,2
2019-01-02 09:30:00.240000,0.000,1000,2,2,19435,0,1
2019-01-02 09:30:00.240000,0.000,1000,2,2,19444,0,1
2019-01-02 09:30:00.250000,8.700,1000,1,2,151776,0,2
2019-01-02 09:30:00.250000,9.400,10000,1,2,151814,0,2
2019-01-02 09:30:00.250000,9.350,500,1,2,151883,0,2
2019-01-02 09:30:00.250000,9.300,100,1,2,152118,0,2
2019-01-02 09:30:00.260000,9.310,10000,1,2,152703,0,2
2019-01-02 09:30:00.260000,9.490,100,2,2,152705,0,2
2019-01-02 09:30:00.260000,9.400,3000,1,2,152725,0,2
2019-01-02 09:30:00.280000,9.390,4000,1,2,153388,0,2
2019-01-02 09:30:00.280000,9.400,4200,1,2,153396,0,2
2019-01-02 09:30:00.280000,9.350,10000,1,2,153579,0,2
2019-01-02 09:30:00.290000,9.620,3000,2,2,153687,0,2
2019-01-02 09:30:00.310000,9.500,2000,2,2,154615,0,2
2019-01-02 09:30:00.310000,9.010,1000,1,2,154682,0,2
2019-01-02 09:30:00.310000,9.430,1000,2,2,154725,0,2
2019-01-02 09:30:00.320000,9.000,500,1,2,154985,0,2
2019-01-02 09:30:00.330000,9.400,3000,1,2,155425,0,2
2019-01-02 09:30:00.330000,9.390,3200,1,2,155503,0,2
2019-01-02 09:30:00.330000,9.400,400,1,2,155545,0,2
2019-01-02 09:30:00.340000,9.490,1000,2,2,155741,0,2
2019-01-02 09:30:00.340000,9.390,8000,2,2,155944,0,2
2019-01-02 09:30:00.340000,9.100,200,1,2,155992,0,2
2019-01-02 09:30:00.340000,9.000,100,1,2,156070,0,2
2019-01-02 09:30:00.340000,9.400,500,1,2,156084,0,2
2019-01-02 09:30:00.350000,9.400,600,1,2,156197,0,2
2019-01-02 09:30:00.350000,9.390,3200,1,2,156265,0,2
2019-01-02 09:30:00.350000,9.490,12500,2,2,156280,0,2
2019-01-02 09:30:00.350000,9.520,3000,2,2,156586,0,2
2019-01-02 09:30:00.360000,8.860,300,1,2,156855,0,2
2019-01-02 09:30:00.360000,9.750,1000,2,2,157056,0,2
2019-01-02 09:30:00.360000,9.220,2000,1,2,157129,0,2
2019-01-02 09:30:00.370000,9.420,1000,2,2,157202,0,2
2019-01-02 09:30:00.370000,9.400,800,2,2,157301,0,2
2019-01-02 09:30:00.370000,9.430,10000,2,2,157322,0,2
2019-01-02 09:30:00.370000,9.470,2000,2,2,157485,0,2
2019-01-02 09:30:00.370000,10.00,500,2,2,157572,0,2
2019-01-02 09:30:00.370000,10.00,300,2,2,157592,0,2
2019-01-02 09:30:00.370000,10.32,500,2,2,157596,0,2
2019-01-02 09:30:00.380000,9.400,1200,1,2,157750,0,2
2019-01-02 09:30:00.380000,9.500,2000,2,2,157942,0,2
2019-01-02 09:30:00.380000,9.230,3000,1,2,158033,0,2
2019-01-02 09:30:00.400000,9.080,2000,1,2,158628,0,2
2019-01-02 09:30:00.400000,9.080,2000,1,2,158699,0,2
2019-01-02 09:30:00.400000,9.480,1500,2,2,158803,0,2
2019-01-02 09:30:00.410000,9.310,2800,1,2,159001,0,2
2019-01-02 09:30:00.410000,10.32,1000,2,2,159015,0,2
2019-01-02 09:30:00.410000,9.000,1000,1,2,159134,0,2
2019-01-02 09:30:00.420000,9.300,2000,1,2,159559,0,2
2019-01-02 09:30:00.430000,9.600,3000,2,2,159810,0,2
2019-01-02 09:30:00.440000,9.400,1000,1,2,160048,0,2
2019-01-02 09:30:00.450000,9.410,1100,1,2,160497,0,2
2019-01-02 09:30:00.450000,9.220,300,1,2,160676,0,2
2019-01-02 09:30:00.450000,9.460,900,2,2,160709,0,2
2019-01-02 09:30:00.450000,9.970,500,2,2,160736,0,2
2019-01-02 09:30:00.460000,0.000,17500,2,1,160987,2,2
2019-01-02 09:30:00.460000,10.32,500,2,2,161125,0,2
2019-01-02 09:30:00.470000,9.350,500,1,2,161545,0,2
2019-01-02 09:30:00.470000,0.000,3000,1,2,81044,0,1
2019-01-02 09:30:00.490000,9.320,1000,1,2,161890,0,2
2019-01-02 09:30:00.490000,9.740,20000,2,2,162182,0,2
2019-01-02 09:30:00.490000,9.430,5600,2,2,162245,0,2
2019-01-02 09:30:00.500000,9.400,1000,1,2,162451,0,2
2019-01-02 09:30:00.500000,9.320,2000,1,2,162693,0,2
2019-01-02 09:30:00.510000,9.350,2000,1,2,163238,0,2
2019-01-02 09:30:00.510000,10.32,500,2,2,163253,0,2
2019-01-02 09:30:00.510000,9.380,1300,2,2,163275,0,2
2019-01-02 09:30:00.510000,10.32,1800,2,2,163372,0,2
2019-01-02 09:30:00.520000,9.530,1500,2,2,163690,0,2
2019-01-02 09:30:00.530000,9.360,150000,1,2,164243,0,2
2019-01-02 09:30:00.530000,8.630,100,1,2,164368,0,2
2019-01-02 09:30:00.540000,10.23,1700,2,2,164903,0,2
2019-01-02 09:30:00.540000,10.00,100,2,2,164931,0,2
2019-01-02 09:30:00.540000,9.430,7800,2,2,165241,0,2
2019-01-02 09:30:00.540000,8.630,100,1,2,165667,0,2
2019-01-02 09:30:00.540000,9.350,800,1,2,165677,0,2
2019-01-02 09:30:00.550000,0.000,1000,1,2,47504,0,1
2019-01-02 09:30:00.560000,9.300,100,1,2,166621,0,2
2019-01-02 09:30:00.560000,9.300,400,1,2,166631,0,2
2019-01-02 09:30:00.560000,9.300,3100,1,2,166699,0,2
2019-01-02 09:30:00.570000,9.480,1000,2,2,166864,0,2
2019-01-02 09:30:00.570000,9.400,400,2,2,166895,0,2
2019-01-02 09:30:00.570000,10.31,2000,2,2,167043,0,2
2019-01-02 09:30:00.580000,9.210,1000,1,2,167433,0,2
2019-01-02 09:30:00.580000,9.000,1000,1,2,167453,0,2
2019-01-02 09:30:00.580000,9.390,2000,1,2,167599,0,2
2019-01-02 09:30:00.590000,9.490,1900,2,2,168213,0,2
2019-01-02 09:30:00.600000,9.440,6000,2,2,168366,0,2
2019-01-02 09:30:00.600000,9.980,300,2,2,168494,0,2
2019-01-02 09:30:00.610000,10.28,10000,2,2,168687,0,2
2019-01-02 09:30:00.610000,9.390,2000,1,2,168831,0,2
2019-01-02 09:30:00.610000,9.800,1000,2,2,168902,0,2
2019-01-02 09:30:00.620000,9.680,1000,2,2,169264,0,2
2019-01-02 09:30:00.620000,9.450,3000,2,2,169271,0,2
2019-01-02 09:30:00.630000,9.430,60000,2,2,169477,0,2
2019-01-02 09:30:00.630000,9.250,100,1,2,169503,0,2
2019-01-02 09:30:00.630000,9.200,100,1,2,169741,0,2
2019-01-02 09:30:00.640000,9.000,20000,1,2,169837,0,2
2019-01-02 09:30:00.640000,10.08,5500,2,2,169915,0,2
2019-01-02 09:30:00.640000,9.370,4000,1,2,169932,0,2
2019-01-02 09:30:00.640000,9.390,100,1,2,169937,0,2
2019-01-02 09:30:00.640000,9.390,100,1,2,169941,0,2
2019-01-02 09:30:00.650000,9.390,800,1,2,170265,0,2
2019-01-02 09:30:00.650000,9.400,1500,1,2,170482,0,2
2019-01-02 09:30:00.650000,9.010,600,1,2,170518,0,2
2019-01-02 09:30:00.660000,8.950,440000,1,2,170752,0,2
2019-01-02 09:30:00.670000,0.000,5500,2,2,90844,0,1
2019-01-02 09:30:00.690000,10.12,1600,2,2,171929,0,2
2019-01-02 09:30:00.690000,9.390,2000,1,2,172054,0,2
2019-01-02 09:30:00.690000,9.420,10000,1,2,172105,0,2
2019-01-02 09:30:00.690000,0.000,12100,2,2,41027,0,1
2019-01-02 09:30:00.700000,9.400,500,1,2,172387,0,2
2019-01-02 09:30:00.700000,9.410,500,1,2,172414,0,2
2019-01-02 09:30:00.720000,9.500,1900,2,2,173179,0,2
2019-01-02 09:30:00.730000,9.390,6400,1,2,173461,0,2
2019-01-02 09:30:00.730000,9.320,1900,1,2,173653,0,2
2019-01-02 09:30:00.730000,10.30,3000,2,2,173698,0,2
2019-01-02 09:30:00.740000,9.400,1500,1,2,173905,0,2
2019-01-02 09:30:00.740000,9.390,400,1,2,174107,0,2
2019-01-02 09:30:00.750000,9.400,400,1,2,174238,0,2
2019-01-02 09:30:00.750000,9.990,2000,2,2,174289,0,2
2019-01-02 09:30:00.750000,9.370,1000,1,2,174307,0,2
2019-01-02 09:30:00.750000,9.510,5800,2,2,174334,0,2
2019-01-02 09:30:00.760000,9.890,4900,2,2,174821,0,2
2019-01-02 09:30:00.770000,9.420,2000,2,2,175293,0,2
2019-01-02 09:30:00.780000,9.390,100,1,2,175528,0,2
2019-01-02 09:30:00.780000,9.430,2000,2,2,175792,0,2
2019-01-02 09:30:00.790000,9.350,900,1,2,175879,0,2
2019-01-02 09:30:00.800000,9.430,1000,2,2,176063,0,2
2019-01-02 09:30:00.800000,9.730,2000,2,2,176132,0,2
2019-01-02 09:30:00.800000,9.490,2700,2,2,176162,0,2
2019-01-02 09:30:00.800000,9.390,100,1,2,176317,0,2
2019-01-02 09:30:00.810000,9.490,3000,2,2,176348,0,2
2019-01-02 09:30:00.810000,9.430,16300,2,2,176534,0,2
2019-01-02 09:30:00.810000,9.440,2000,2,2,176594,0,2
2019-01-02 09:30:00.810000,9.450,2000,2,2,176611,0,2
2019-01-02 09:30:00.820000,9.680,2000,2,2,176793,0,2
2019-01-02 09:30:00.830000,9.400,800,1,2,177139,0,2
2019-01-02 09:30:00.830000,9.400,2800,1,2,177162,0,2
2019-01-02 09:30:00.830000,9.460,100,2,2,177192,0,2
2019-01-02 09:30:00.840000,9.400,2600,1,2,177521,0,2
2019-01-02 09:30:00.840000,9.450,1700,2,2,177526,0,2
2019-01-02 09:30:00.840000,9.210,5000,1,2,177571,0,2
2019-01-02 09:30:00.850000,9.390,1100,1,2,177724,0,2
2019-01-02 09:30:00.850000,9.980,500,2,2,177787,0,2
2019-01-02 09:30:00.850000,9.350,1000,1,2,177917,0,2
2019-01-02 09:30:00.860000,9.530,500,2,2,178037,0,2
2019-01-02 09:30:00.860000,9.460,2000,2,2,178089,0,2
2019-01-02 09:30:00.870000,9.430,5000,2,2,178159,0,2
2019-01-02 09:30:00.870000,9.400,600,1,2,178224,0,2
2019-01-02 09:30:00.870000,9.470,1000,2,2,178234,0,2
2019-01-02 09:30:00.870000,9.700,2000,2,2,178258,0,2
2019-01-02 09:30:00.870000,9.380,3000,1,2,178266,0,2
2019-01-02 09:30:00.870000,9.470,2000,2,2,178320,0,2
2019-01-02 09:30:00.880000,9.400,800,1,2,178572,0,2
2019-01-02 09:30:00.890000,9.480,2000,2,2,178755,0,2
2019-01-02 09:30:00.890000,9.390,500,1,2,178959,0,2
2019-01-02 09:30:00.890000,9.390,1000,1,2,179024,0,2
2019-01-02 09:30:00.890000,10.32,700,2,2,179053,0,2
2019-01-02 09:30:00.900000,9.320,200,1,2,179375,0,2
2019-01-02 09:30:00.900000,9.400,2200,1,2,179388,0,2
2019-01-02 09:30:00.910000,9.440,600,2,2,179670,0,2
2019-01-02 09:30:00.910000,9.390,2800,1,2,179705,0,2
2019-01-02 09:30:00.910000,9.400,2000,1,2,179773,0,2
2019-01-02 09:30:00.910000,9.480,300,2,2,179785,0,2
2019-01-02 09:30:00.920000,9.600,2200,2,2,180365,0,2
2019-01-02 09:30:00.920000,8.970,2000,1,2,180393,0,2
2019-01-02 09:30:00.930000,9.590,500,2,2,180419,0,2
2019-01-02 09:30:00.930000,9.740,11000,2,2,180421,0,2
2019-01-02 09:30:00.930000,9.700,700,2,2,180422,0,2
2019-01-02 09:30:00.940000,9.400,5000,1,2,181066,0,2
2019-01-02 09:30:00.950000,9.400,1000,1,2,181262,0,2
2019-01-02 09:30:00.960000,9.500,1200,1,2,181508,0,2
2019-01-02 09:30:00.960000,9.680,500,2,2,181513,0,2
2019-01-02 09:30:00.960000,9.400,200,1,2,181524,0,2
2019-01-02 09:30:00.960000,9.300,2000,1,2,181548,0,2
2019-01-02 09:30:00.960000,9.520,7000,2,2,181638,0,2
2019-01-02 09:30:00.960000,9.390,200,1,2,181665,0,2
2019-01-02 09:30:00.970000,9.430,5000,2,2,181858,0,2
2019-01-02 09:30:00.980000,9.500,500,2,2,182324,0,2
2019-01-02 09:30:00.990000,9.330,5000,1,2,182533,0,2
2019-01-02 09:30:00.990000,10.32,400,2,2,182648,0,2
2019-01-02 09:30:00.990000,9.400,3600,2,2,182711,0,2
2019-01-02 09:30:00.990000,9.400,900,1,2,182732,0,2
2019-01-02 09:30:01.010000,9.350,1000,1,2,183178,0,2
2019-01-02 09:30:01.010000,9.430,248900,2,2,183251,0,2
2019-01-02 09:30:01.020000,9.520,2500,2,2,183340,0,2
2019-01-02 09:30:01.020000,10.32,1900,2,2,183365,0,2
2019-01-02 09:30:01.040000,9.400,300,1,2,184035,0,2
2019-01-02 09:30:01.040000,9.350,2000,1,2,184061,0,2
2019-01-02 09:30:01.050000,9.310,1500,1,2,184227,0,2
2019-01-02 09:30:01.050000,0.000,3000,1,2,76272,0,1
2019-01-02 09:30:01.060000,9.390,800,1,2,184441,0,2
2019-01-02 09:30:01.070000,9.390,3400,1,2,184668,0,2
2019-01-02 09:30:01.080000,9.400,1500,1,2,185136,0,2
2019-01-02 09:30:01.090000,8.720,300,1,2,185489,0,2
2019-01-02 09:30:01.100000,9.520,2000,2,2,185672,0,2
2019-01-02 09:30:01.110000,8.600,500,1,2,185746,0,2
2019-01-02 09:30:01.110000,9.450,5000,2,2,186103,0,2
2019-01-02 09:30:01.120000,9.220,500,1,2,186345,0,2
2019-01-02 09:30:01.140000,9.400,1000,1,2,186787,0,2
2019-01-02 09:30:01.140000,9.430,5000,2,2,186876,0,2
2019-01-02 09:30:01.150000,9.400,200,1,2,187353,0,2
2019-01-02 09:30:01.160000,9.000,500,1,2,187461,0,2
2019-01-02 09:30:01.190000,9.450,1000,2,2,188396,0,2
2019-01-02 09:30:01.210000,9.370,5000,1,2,188732,0,2
2019-01-02 09:30:01.210000,8.910,1000,1,2,189011,0,2
2019-01-02 09:30:01.220000,9.400,2500,1,2,189138,0,2
2019-01-02 09:30:01.230000,9.430,1000,1,2,189382,0,2
2019-01-02 09:30:01.230000,10.21,1000,2,2,189601,0,2
2019-01-02 09:30:01.230000,9.490,5000,2,2,189662,0,2
2019-01-02 09:30:01.240000,9.350,4000,1,2,189796,0,2
2019-01-02 09:30:01.240000,10.22,300,2,2,189889,0,2
2019-01-02 09:30:01.240000,9.400,1000,1,2,189902,0,2
2019-01-02 09:30:01.250000,9.390,2400,1,2,190326,0,2
2019-01-02 09:30:01.250000,9.400,700,1,2,190507,0,2
2019-01-02 09:30:01.250000,9.630,1000,2,2,190610,0,2
2019-01-02 09:30:01.260000,10.32,10800,2,2,190904,0,2
2019-01-02 09:30:01.270000,9.400,100,1,2,191090,0,2
2019-01-02 09:30:01.270000,9.340,3000,1,2,191185,0,2
2019-01-02 09:30:01.270000,0.000,8000,1,2,73781,0,1
2019-01-02 09:30:01.300000,9.600,700,2,2,191555,0,2
2019-01-02 09:30:01.300000,9.440,1000,2,2,191577,0,2
2019-01-02 09:30:01.300000,9.520,1000,2,2,191600,0,2
2019-01-02 09:30:01.320000,10.32,200,2,2,191961,0,2
2019-01-02 09:30:01.320000,9.100,800,1,2,192039,0,2
2019-01-02 09:30:01.330000,10.00,6500,2,2,192257,0,2
2019-01-02 09:30:01.330000,9.390,500,1,2,192334,0,2
2019-01-02 09:30:01.340000,9.400,5300,1,2,192562,0,2
2019-01-02 09:30:01.360000,9.400,2000,1,2,193105,0,2
2019-01-02 09:30:01.360000,9.390,2500,1,2,193244,0,2
2019-01-02 09:30:01.360000,9.310,1000,1,2,193252,0,2
2019-01-02 09:30:01.370000,9.480,1100,2,2,193293,0,2
2019-01-02 09:30:01.370000,8.440,100,1,2,193305,0,2
2019-01-02 09:30:01.370000,9.500,1000,2,2,193457,0,2
2019-01-02 09:30:01.370000,9.400,2700,1,2,193470,0,2
2019-01-02 09:30:01.380000,9.400,1000,1,2,193544,0,2
2019-01-02 09:30:01.380000,9.560,400,2,2,193581,0,2
2019-01-02 09:30:01.380000,10.28,1100,2,2,193731,0,2
2019-01-02 09:30:01.400000,9.400,2100,1,2,193974,0,2
2019-01-02 09:30:01.410000,9.400,2900,1,2,194147,0,2
2019-01-02 09:30:01.420000,9.380,200,1,2,194198,0,2
2019-01-02 09:30:01.420000,9.390,2600,1,2,194205,0,2
2019-01-02 09:30:01.420000,9.400,500,1,2,194233,0,2
2019-01-02 09:30:01.430000,9.320,4000,1,2,194396,0,2
2019-01-02 09:30:01.460000,9.390,3000,1,2,195184,0,2
2019-01-02 09:30:01.470000,9.400,2800,1,2,195318,0,2
2019-01-02 09:30:01.480000,9.400,5000,1,2,195391,0,2
2019-01-02 09:30:01.480000,9.430,5900,2,2,195549,0,2
2019-01-02 09:30:01.490000,9.400,500,1,2,195622,0,2
2019-01-02 09:30:01.490000,9.400,100,1,2,195628,0,2
2019-01-02 09:30:01.490000,9.350,3000,1,2,195841,0,2
2019-01-02 09:30:01.520000,9.400,4800,1,2,196614,0,2
2019-01-02 09:30:01.530000,9.400,1000,1,2,196831,0,2
2019-01-02 09:30:01.540000,9.380,1000,1,2,197063,0,2
2019-01-02 09:30:01.560000,9.800,3800,2,2,197400,0,2
2019-01-02 09:30:01.560000,9.990,600,2,2,197431,0,2
2019-01-02 09:30:01.570000,9.410,1100,2,2,197472,0,2
2019-01-02 09:30:01.580000,9.390,200,1,2,197684,0,2
2019-01-02 09:30:01.580000,9.370,1000,1,2,197697,0,2
2019-01-02 09:30:01.580000,9.390,500,1,2,197847,0,2
2019-01-02 09:30:01.580000,9.480,1000,2,2,197903,0,2
2019-01-02 09:30:01.590000,9.400,4200,2,2,198144,0,2
2019-01-02 09:30:01.600000,9.750,14700,2,2,198227,0,2
2019-01-02 09:30:01.610000,9.270,200,1,2,198380,0,2
2019-01-02 09:30:01.610000,10.32,10000,2,2,198479,0,2
2019-01-02 09:30:01.610000,9.400,9000,1,2,198485,0,2
2019-01-02 09:30:01.610000,9.470,1200,2,2,198561,0,2
2019-01-02 09:30:01.610000,9.540,1500,2,2,198618,0,2
2019-01-02 09:30:01.620000,9.250,100,1,2,198679,0,2
2019-01-02 09:30:01.630000,9.460,500,2,2,198956,0,2
2019-01-02 09:30:01.630000,9.490,2000,2,2,198960,0,2
2019-01-02 09:30:01.640000,9.400,400,1,2,199178,0,2
2019-01-02 09:30:01.650000,9.280,3000,1,2,199231,0,2
2019-01-02 09:30:01.650000,9.460,1000,2,2,199439,0,2
2019-01-02 09:30:01.660000,9.540,1200,2,2,199527,0,2
2019-01-02 09:30:01.670000,10.00,500,2,2,199666,0,2
2019-01-02 09:30:01.680000,9.500,2200,2,2,199833,0,2
2019-01-02 09:30:01.680000,10.15,300,2,2,199911,0,2
2019-01-02 09:30:01.690000,9.400,200,1,2,200024,0,2
2019-01-02 09:30:01.700000,9.800,900,2,2,200303,0,2
2019-01-02 09:30:01.720000,9.180,500,1,2,200540,0,2
2019-01-02 09:30:01.750000,9.390,1000,1,2,200924,0,2
2019-01-02 09:30:01.750000,9.390,600,1,2,200983,0,2
2019-01-02 09:30:01.770000,9.450,200,2,2,201298,0,2
2019-01-02 09:30:01.770000,9.620,2000,2,2,201347,0,2
2019-01-02 09:30:01.770000,9.760,2000,2,2,201369,0,2
2019-01-02 09:30:01.790000,9.320,2500,1,2,201521,0,2
2019-01-02 09:30:01.790000,9.540,500,2,2,201589,0,2
2019-01-02 09:30:01.800000,10.10,2000,2,2,201764,0,2
2019-01-02 09:30:01.800000,9.100,300,1,2,201765,0,2
2019-01-02 09:30:01.810000,10.30,2000,2,2,201905,0,2
2019-01-02 09:30:01.820000,9.520,8000,2,2,202003,0,2
2019-01-02 09:30:01.830000,9.750,2700,2,2,202135,0,2
2019-01-02 09:30:01.830000,9.400,200,1,2,202160,0,2
2019-01-02 09:30:01.850000,9.580,4200,2,2,202525,0,2
2019-01-02 09:30:01.860000,9.390,3300,1,2,202621,0,2
2019-01-02 09:30:01.860000,9.390,300,2,2,202675,0,2
2019-01-02 09:30:01.860000,9.390,2000,1,2,202692,0,2
2019-01-02 09:30:01.870000,9.400,6300,1,2,202840,0,2
2019-01-02 09:30:01.870000,9.980,5000,2,2,202857,0,2
2019-01-02 09:30:01.880000,9.460,50000,2,2,203063,0,2
2019-01-02 09:30:01.890000,9.400,10100,2,2,203272,0,2
2019-01-02 09:30:01.890000,9.390,700,1,2,203354,0,2
2019-01-02 09:30:01.890000,9.410,1500,2,2,203376,0,2
2019-01-02 09:30:01.890000,9.430,1500,2,2,203394,0,2
2019-01-02 09:30:01.900000,9.310,1000,1,2,203418,0,2
2019-01-02 09:30:01.900000,8.920,1000,1,2,203435,0,2
2019-01-02 09:30:01.910000,9.480,1000,2,2,203654,0,2
2019-01-02 09:30:01.940000,10.32,1100,2,2,204187,0,2
2019-01-02 09:30:01.950000,9.390,10000,2,2,204414,0,2
2019-01-02 09:30:01.950000,9.500,1000,2,2,204617,0,2
2019-01-02 09:30:01.960000,0.000,5300,1,2,192562,0,1
2019-01-02 09:30:02.000000,10.00,1300,2,2,205611,0,2
2019-01-02 09:30:02.010000,9.390,1000,1,2,206044,0,2
2019-01-02 09:30:02.050000,9.400,2000,1,2,206497,0,2
2019-01-02 09:30:02.070000,9.400,11800,1,2,206982,0,2
2019-01-02 09:30:02.080000,9.490,47000,2,2,207090,0,2
2019-01-02 09:30:02.080000,9.470,1000,2,2,207177,0,2
2019-01-02 09:30:02.080000,9.390,100,2,2,207215,0,2
2019-01-02 09:30:02.160000,9.390,39000,1,2,208077,0,2
2019-01-02 09:30:02.170000,10.30,1000,2,2,208215,0,2
2019-01-02 09:30:02.170000,9.400,2000,1,2,208225,0,2
2019-01-02 09:30:02.170000,9.390,1700,1,2,208299,0,2
2019-01-02 09:30:02.190000,9.450,400,2,2,208614,0,2
2019-01-02 09:30:02.260000,9.360,1500,1,2,209383,0,2
2019-01-02 09:30:02.270000,9.400,74500,1,2,209506,0,2
2019-01-02 09:30:02.440000,0.000,2000,1,2,208225,0,1
2019-01-02 09:30:02.470000,9.490,20000,2,2,211389,0,2
2019-01-02 09:30:02.470000,9.450,10000,2,2,211463,0,2
2019-01-02 09:30:02.510000,9.660,200,2,2,211967,0,2
2019-01-02 09:30:02.540000,9.370,500,1,2,212332,0,2
2019-01-02 09:30:02.540000,9.460,4000,2,2,212334,0,2
2019-01-02 09:30:02.550000,9.480,10000,2,2,212444,0,2
2019-01-02 09:30:02.580000,9.700,2000,2,2,212707,0,2
2019-01-02 09:30:02.580000,9.390,1000,1,2,212723,0,2
2019-01-02 09:30:02.620000,9.450,300,2,2,213308,0,2
2019-01-02 09:30:02.630000,9.360,900,2,2,213429,0,2
2019-01-02 09:30:02.640000,9.400,900,1,2,213661,0,2
2019-01-02 09:30:02.670000,9.490,400,2,2,213905,0,2
2019-01-02 09:30:02.680000,9.400,300,1,2,213960,0,2
2019-01-02 09:30:02.690000,9.280,5900,1,2,214184,0,2
2019-01-02 09:30:02.720000,9.250,2000,1,2,214332,0,2
2019-01-02 09:30:02.730000,9.880,2000,2,2,214567,0,2
2019-01-02 09:30:02.760000,9.750,5000,2,2,214734,0,2
2019-01-02 09:30:02.780000,9.490,1000,2,2,214830,0,2
2019-01-02 09:30:02.800000,9.490,1000,2,2,215085,0,2
2019-01-02 09:30:02.810000,10.32,100,2,2,215248,0,2
2019-01-02 09:30:02.820000,9.400,300,1,2,215276,0,2
2019-01-02 09:30:02.830000,9.400,5000,1,2,215396,0,2
2019-01-02 09:30:02.860000,9.390,1000,1,2,215694,0,2
2019-01-02 09:30:02.870000,9.700,1000,2,2,215886,0,2
2019-01-02 09:30:02.870000,9.520,1000,2,2,215898,0,2
2019-01-02 09:30:02.890000,9.400,5000,2,2,216092,0,2
2019-01-02 09:30:02.950000,9.390,100,1,2,216895,0,2
2019-01-02 09:30:02.960000,9.200,300,1,2,217026,0,2
2019-01-02 09:30:03.010000,9.490,10000,2,2,217245,0,2
2019-01-02 09:30:03.050000,9.400,20000,1,2,217683,0,2
2019-01-02 09:30:03.060000,9.600,5400,2,2,217890,0,2
2019-01-02 09:30:03.060000,9.390,1000,1,2,217932,0,2
2019-01-02 09:30:03.100000,9.400,3000,1,2,218331,0,2
2019-01-02 09:30:03.180000,9.360,2400,1,2,218931,0,2
2019-01-02 09:30:03.180000,10.32,300,2,2,218939,0,2
2019-01-02 09:30:03.180000,9.390,1000,1,2,218968,0,2
2019-01-02 09:30:03.210000,9.400,1000,1,2,219328,0,2
2019-01-02 09:30:03.300000,9.400,400,1,2,220340,0,2
2019-01-02 09:30:03.330000,9.400,13000,1,2,220597,0,2
2019-01-02 09:30:03.350000,9.400,300,1,2,220805,0,2
2019-01-02 09:30:03.360000,9.530,400,2,2,220853,0,2
2019-01-02 09:30:03.370000,9.400,2900,1,2,220958,0,2
2019-01-02 09:30:03.430000,8.950,1000000,1,2,221361,0,2
2019-01-02 09:30:03.440000,8.950,1000000,1,2,221450,0,2
2019-01-02 09:30:03.440000,8.950,1000000,1,2,221451,0,2
2019-01-02 09:30:03.450000,9.400,500,1,2,221595,0,2
2019-01-02 09:30:03.450000,9.400,1200,1,2,221606,0,2
2019-01-02 09:30:03.460000,9.310,3400,1,2,221658,0,2
2019-01-02 09:30:03.470000,8.950,450000,1,2,221689,0,2
2019-01-02 09:30:03.490000,9.460,8400,2,2,221984,0,2
2019-01-02 09:30:03.500000,9.800,200,2,2,222192,0,2
2019-01-02 09:30:03.530000,9.550,500,2,2,222564,0,2
2019-01-02 09:30:03.590000,9.400,20000,2,2,222961,0,2
2019-01-02 09:30:03.600000,9.400,3400,1,2,223044,0,2
2019-01-02 09:30:03.600000,9.390,2900,1,2,223048,0,2
2019-01-02 09:30:03.600000,9.400,2000,1,2,223066,0,2
2019-01-02 09:30:03.680000,9.300,100,1,2,223714,0,2
2019-01-02 09:30:03.720000,9.500,2000,2,2,224090,0,2
2019-01-02 09:30:03.740000,9.410,2700,1,2,224381,0,2
2019-01-02 09:30:03.770000,10.32,500,2,2,224639,0,2
2019-01-02 09:30:03.780000,10.00,1000,2,2,224670,0,2
2019-01-02 09:30:03.800000,9.490,1100,2,2,224953,0,2
2019-01-02 09:30:03.800000,9.530,2000,2,2,224974,0,2
2019-01-02 09:30:03.850000,9.390,5000,2,2,225264,0,2
2019-01-02 09:30:03.850000,9.310,2000,1,2,225388,0,2
2019-01-02 09:30:03.860000,9.410,2000,1,2,225391,0,2
2019-01-02 09:30:03.860000,9.390,300,1,2,225437,0,2
2019-01-02 09:30:03.920000,9.400,200,1,2,225887,0,2
2019-01-02 09:30:03.930000,9.400,200,1,2,225975,0,2
2019-01-02 09:30:03.970000,9.400,22200,1,2,226246,0,2
2019-01-02 09:30:04.040000,9.830,21900,2,2,226756,0,2
2019-01-02 09:30:04.050000,10.32,300,2,2,226984,0,2
2019-01-02 09:30:04.060000,9.600,3000,2,2,227023,0,2
2019-01-02 09:30:04.070000,9.500,2000,2,2,227141,0,2
2019-01-02 09:30:04.100000,9.400,500,1,2,227316,0,2
2019-01-02 09:30:04.100000,9.430,1500,2,2,227318,0,2
2019-01-02 09:30:04.100000,9.300,500,1,2,227334,0,2
2019-01-02 09:30:04.150000,9.550,1000,2,2,227750,0,2
2019-01-02 09:30:04.150000,9.660,1000,2,2,227763,0,2
2019-01-02 09:30:04.150000,9.770,1000,2,2,227777,0,2
2019-01-02 09:30:04.270000,9.400,8100,1,2,228516,0,2
2019-01-02 09:30:04.270000,9.450,500,2,2,228561,0,2
2019-01-02 09:30:04.300000,9.470,5600,2,2,228688,0,2
2019-01-02 09:30:04.430000,9.450,1700,2,2,229107,0,2
2019-01-02 09:30:04.430000,9.400,6100,1,2,229133,0,2
2019-01-02 09:30:04.430000,10.10,2000,2,2,229143,0,2
2019-01-02 09:30:04.490000,9.550,800,2,2,229463,0,2
2019-01-02 09:30:04.490000,9.450,100,2,2,229554,0,2
2019-01-02 09:30:04.510000,9.400,9000,2,2,229669,0,2
2019-01-02 09:30:04.580000,8.500,50000,1,2,230062,0,2
2019-01-02 09:30:04.610000,9.390,2200,1,2,230379,0,2
2019-01-02 09:30:04.620000,9.650,13600,2,2,230437,0,2
2019-01-02 09:30:04.670000,9.520,50500,2,2,230769,0,2
2019-01-02 09:30:04.670000,9.440,5600,2,2,230802,0,2
2019-01-02 09:30:04.700000,9.800,12600,2,2,230985,0,2
2019-01-02 09:30:04.740000,9.560,2100,2,2,231460,0,2
2019-01-02 09:30:04.740000,9.650,500,2,2,231482,0,2
2019-01-02 09:30:04.760000,9.400,1000,1,2,231560,0,2
2019-01-02 09:30:04.770000,9.390,10000,1,2,231635,0,2
2019-01-02 09:30:04.820000,9.480,1000,2,2,231982,0,2
2019-01-02 09:30:04.830000,9.290,700,1,2,232043,0,2
2019-01-02 09:30:04.830000,9.350,50000,1,2,232053,0,2
2019-01-02 09:30:04.910000,10.32,5700,2,2,232398,0,2
2019-01-02 09:30:04.930000,9.430,128200,2,2,232550,0,2
2019-01-02 09:30:05.050000,9.580,3500,2,2,232981,0,2
2019-01-02 09:30:05.070000,9.390,100,2,2,233098,0,2
2019-01-02 09:30:05.080000,9.880,1000,2,2,233237,0,2
2019-01-02 09:30:05.110000,9.410,2000,1,2,233399,0,2
2019-01-02 09:30:05.190000,9.400,400,1,2,233712,0,2
2019-01-02 09:30:05.190000,9.340,16600,1,2,233750,0,2
2019-01-02 09:30:05.320000,9.410,600,2,2,234313,0,2
2019-01-02 09:30:05.360000,0.000,800,1,2,170265,0,1
2019-01-02 09:30:05.370000,9.510,5000,2,2,234582,0,2
2019-01-02 09:30:05.430000,9.400,800,1,2,234909,0,2
2019-01-02 09:30:05.440000,9.470,1500,2,2,235098,0,2
2019-01-02 09:30:05.450000,9.470,3000,2,2,235110,0,2
2019-01-02 09:30:05.470000,9.380,200,2,2,235156,0,2
2019-01-02 09:30:05.490000,9.840,3400,2,2,235356,0,2
2019-01-02 09:30:05.540000,9.400,100,1,2,235513,0,2
2019-01-02 09:30:05.580000,10.31,3800,2,2,235703,0,2
2019-01-02 09:30:05.600000,9.390,600,1,2,235784,0,2
2019-01-02 09:30:05.650000,9.400,300,1,2,236046,0,2
2019-01-02 09:30:05.650000,9.390,1000,1,2,236103,0,2
2019-01-02 09:30:05.690000,9.450,1000,2,2,236320,0,2
2019-01-02 09:30:05.850000,9.330,1000,1,2,236955,0,2
2019-01-02 09:30:05.910000,9.580,1300,2,2,237269,0,2
2019-01-02 09:30:05.960000,9.400,600,1,2,237403,0,2
2019-01-02 09:30:05.980000,9.390,200,1,2,237507,0,2
2019-01-02 09:30:06.000000,9.370,1600,2,2,237534,0,2
2019-01-02 09:30:06.000000,9.340,2900,1,2,237561,0,2
2019-01-02 09:30:06.020000,9.550,2100,2,2,237648,0,2
2019-01-02 09:30:06.020000,9.300,1700,2,2,237650,0,2
2019-01-02 09:30:06.110000,9.400,100,1,2,237965,0,2
2019-01-02 09:30:06.110000,9.400,100,1,2,237967,0,2
2019-01-02 09:30:06.110000,0.000,100,1,2,144655,0,1
2019-01-02 09:30:06.110000,0.000,100,1,2,169937,0,1
2019-01-02 09:30:06.190000,9.500,1200,2,2,238030,0,2
2019-01-02 09:30:06.190000,9.800,500,2,2,238040,0,2
2019-01-02 09:30:06.190000,9.400,500,1,2,238085,0,2
2019-01-02 09:30:06.200000,9.330,5600,1,2,238122,0,2
2019-01-02 09:30:06.240000,9.580,4100,2,2,238190,0,2
2019-01-02 09:30:06.290000,9.380,1100,1,2,238372,0,2
2019-01-02 09:30:06.390000,9.320,5600,1,2,238631,0,2
2019-01-02 09:30:06.390000,9.680,4000,2,2,238651,0,2
2019-01-02 09:30:06.410000,9.680,2000,2,2,238705,0,2
2019-01-02 09:30:06.460000,9.400,700,1,2,238828,0,2
2019-01-02 09:30:06.510000,9.340,10000,1,2,239088,0,2
2019-01-02 09:30:06.570000,9.340,5600,1,2,239351,0,2
2019-01-02 09:30:06.640000,9.600,100,2,2,239599,0,2
2019-01-02 09:30:06.670000,9.390,300,2,2,239791,0,2
2019-01-02 09:30:06.780000,9.400,500,1,2,240236,0,2
2019-01-02 09:30:06.870000,8.760,300,1,2,240450,0,2
2019-01-02 09:30:06.870000,9.390,1000,1,2,240457,0,2
2019-01-02 09:30:06.950000,9.300,1000,1,2,240703,0,2
2019-01-02 09:30:06.960000,9.500,41800,2,2,240776,0,2
2019-01-02 09:30:07.000000,9.600,2800,2,2,240833,0,2
2019-01-02 09:30:07.010000,9.200,1300,1,2,240856,0,2
2019-01-02 09:30:07.020000,9.400,100,1,2,240967,0,2
2019-01-02 09:30:07.020000,9.400,100,1,2,240973,0,2
2019-01-02 09:30:07.140000,9.590,10000,2,2,241297,0,2
2019-01-02 09:30:07.190000,10.31,1600,2,2,241408,0,2
2019-01-02 09:30:07.410000,9.400,100,1,2,241938,0,2
2019-01-02 09:30:07.500000,9.320,2100,2,2,242078,0,2
2019-01-02 09:30:07.540000,9.470,4100,2,2,242170,0,2
2019-01-02 09:30:07.580000,9.400,100,2,2,242254,0,2
2019-01-02 09:30:07.590000,0.000,300,1,2,225437,0,1
2019-01-02 09:30:07.650000,9.420,4600,1,2,242414,0,2
2019-01-02 09:30:07.670000,0.000,100,1,2,169941,0,1
2019-01-02 09:30:07.700000,9.400,100,1,2,242563,0,2
2019-01-02 09:30:07.760000,9.410,2300,1,2,242673,0,2
2019-01-02 09:30:07.800000,9.400,11500,1,2,242698,0,2
2019-01-02 09:30:07.840000,9.760,300,2,2,242744,0,2
2019-01-02 09:30:07.990000,9.400,500,1,2,242915,0,2
2019-01-02 09:30:08.040000,9.500,1000,2,2,243006,0,2
2019-01-02 09:30:08.220000,9.350,500,1,2,243154,0,2
2019-01-02 09:30:08.490000,9.390,3000,1,2,243443,0,2
2019-01-02 09:30:08.520000,8.880,500,1,2,243502,0,2
2019-01-02 09:30:08.600000,9.310,1000,1,2,243618,0,2
2019-01-02 09:30:08.900000,9.450,1000,2,2,243932,0,2
2019-01-02 09:30:09.020000,9.500,200,2,2,244105,0,2
2019-01-02 09:30:09.170000,9.420,100,1,2,244279,0,2
2019-01-02 09:30:09.200000,9.410,1200,1,2,244307,0,2
2019-01-02 09:30:09.270000,9.410,100,1,2,244401,0,2
2019-01-02 09:30:09.340000,9.410,100,1,2,244511,0,2
2019-01-02 09:30:09.360000,9.410,100,1,2,244574,0,2
2019-01-02 09:30:09.490000,9.410,200,1,2,244722,0,2
2019-01-02 09:30:09.490000,9.410,200,1,2,244723,0,2
2019-01-02 09:30:10.460000,9.630,200,2,2,246225,0,2
2019-01-02 09:30:10.590000,9.210,2500,2,2,246346,0,2
2019-01-02 09:30:11.370000,0.000,800,1,2,234909,0,1
2019-01-02 09:30:11.400000,9.410,800,1,2,247382,0,2
2019-01-02 09:30:11.470000,10.00,1100,2,2,247475,0,2
2019-01-02 09:30:11.570000,0.000,3000,1,2,195184,0,1
2019-01-02 09:30:11.600000,9.410,3000,1,2,247635,0,2
2019-01-02 09:30:11.690000,0.000,200,2,2,54242,0,1
2019-01-02 09:30:11.800000,0.000,2000,2,2,154615,0,1
2019-01-02 09:30:11.840000,10.05,2000,2,2,248026,0,2
2019-01-02 09:30:12.120000,9.410,100,1,2,248423,0,2
2019-01-02 09:30:12.120000,9.410,100,1,2,248426,0,2
2019-01-02 09:30:12.120000,0.000,100,1,2,237965,0,1
2019-01-02 09:30:12.120000,0.000,100,1,2,237967,0,1
2019-01-02 09:30:12.120000,0.000,11500,1,2,242698,0,1
2019-01-02 09:30:12.150000,9.410,5500,2,2,248463,0,2
2019-01-02 09:30:12.180000,0.000,2500,2,1,248530,2,2
2019-01-02 09:30:12.340000,9.410,3000,1,2,248855,0,2
2019-01-02 09:30:12.520000,9.400,200,2,2,249173,0,2
2019-01-02 09:30:12.550000,9.490,300,2,2,249222,0,2
2019-01-02 09:30:12.710000,9.410,2000,1,2,249515,0,2
2019-01-02 09:30:12.860000,9.420,2000,2,2,249813,0,2
2019-01-02 09:30:13.030000,9.500,500,2,2,250091,0,2
2019-01-02 09:30:13.060000,9.410,12700,2,2,250197,0,2
2019-01-02 09:30:13.690000,0.000,1000,1,2,240457,0,1
2019-01-02 09:30:14.040000,9.410,10200,2,2,251353,0,2
2019-01-02 09:30:14.310000,9.440,3800,1,2,251700,0,2
2019-01-02 09:30:14.620000,9.420,5500,2,2,251969,0,2
2019-01-02 09:30:14.630000,9.420,700,2,2,251995,0,2
2019-01-02 09:30:14.900000,8.440,4100,2,2,252302,0,2
2019-01-02 09:30:14.900000,9.390,1000,1,2,252313,0,2
2019-01-02 09:30:15.030000,9.000,500,1,2,252483,0,2
2019-01-02 09:30:15.070000,0.000,10000,2,2,211463,0,1
2019-01-02 09:30:15.150000,9.410,1500,1,2,252673,0,2
2019-01-02 09:30:15.340000,9.400,2000,1,2,252997,0,2
2019-01-02 09:30:15.470000,9.420,900,2,2,253180,0,2
2019-01-02 09:30:15.550000,9.410,200,2,2,253343,0,2
2019-01-02 09:30:15.790000,9.420,5600,2,2,253783,0,2
2019-01-02 09:30:15.950000,0.000,100,2,2,229554,0,1
2019-01-02 09:30:16.010000,9.650,1100,2,2,254226,0,2
2019-01-02 09:30:16.060000,9.540,10000,2,2,254341,0,2
2019-01-02 09:30:16.170000,9.420,500,1,2,254497,0,2
2019-01-02 09:30:16.500000,9.400,1700,2,2,254958,0,2
2019-01-02 09:30:16.550000,9.380,400,1,2,255065,0,2
2019-01-02 09:30:16.550000,9.350,2600,1,2,255068,0,2
2019-01-02 09:30:17.110000,9.310,800,1,2,255719,0,2
2019-01-02 09:30:17.170000,9.400,1600,2,2,255792,0,2
2019-01-02 09:30:17.180000,9.370,1600,2,2,255856,0,2
2019-01-02 09:30:17.360000,9.420,1000,2,2,256082,0,2
2019-01-02 09:30:17.380000,9.400,3000,1,2,256106,0,2
2019-01-02 09:30:17.510000,9.410,9300,2,2,256258,0,2
2019-01-02 09:30:17.560000,9.420,20000,2,2,256332,0,2
2019-01-02 09:30:17.570000,9.410,1900,2,2,256342,0,2
2019-01-02 09:30:17.580000,0.000,5000,2,2,181858,0,1
2019-01-02 09:30:17.670000,8.440,2500,2,2,256460,0,2
2019-01-02 09:30:17.890000,0.000,2500,2,1,256779,1,2
2019-01-02 09:30:18.100000,9.420,17000,2,2,257084,0,2
2019-01-02 09:30:18.280000,9.210,500,1,2,257349,0,2
2019-01-02 09:30:18.360000,9.500,2900,2,2,257479,0,2
2019-01-02 09:30:18.810000,9.490,1400,2,2,258350,0,2
2019-01-02 09:30:18.810000,0.000,200,2,2,253343,0,1
2019-01-02 09:30:18.900000,9.390,1600,2,2,258507,0,2
2019-01-02 09:30:18.910000,0.000,200,1,2,102339,0,1
2019-01-02 09:30:18.970000,9.400,300,1,2,258623,0,2
2019-01-02 09:30:19.150000,9.430,11600,1,2,258880,0,2
2019-01-02 09:30:19.770000,0.000,2000,2,2,93455,0,1
2019-01-02 09:30:20.280000,9.410,300,1,2,260448,0,2
2019-01-02 09:30:20.490000,0.000,200,2,2,1380,0,1
2019-01-02 09:30:20.600000,9.410,800,1,2,260916,0,2
2019-01-02 09:30:20.740000,9.410,1000,1,2,261085,0,2
2019-01-02 09:30:20.760000,9.400,25300,1,2,261108,0,2
2019-01-02 09:30:20.770000,9.990,1000,2,2,261125,0,2
2019-01-02 09:30:20.990000,0.000,2400,2,2,54403,0,1
2019-01-02 09:30:21.000000,9.680,2000,2,2,261409,0,2
2019-01-02 09:30:21.130000,9.400,100,2,2,261647,0,2
2019-01-02 09:30:22.140000,9.400,1700,2,2,263847,0,2
2019-01-02 09:30:22.250000,9.420,2000,2,2,264144,0,2
2019-01-02 09:30:22.300000,9.400,278900,2,2,264222,0,2
2019-01-02 09:30:22.870000,9.370,16400,2,2,265447,0,2
2019-01-02 09:30:23.130000,9.390,100,2,2,265839,0,2
2019-01-02 09:30:23.220000,9.900,10000,2,2,265958,0,2
2019-01-02 09:30:23.220000,9.400,400,1,2,265959,0,2
2019-01-02 09:30:23.230000,9.400,300,1,2,265970,0,2
2019-01-02 09:30:23.280000,9.410,200,1,2,266061,0,2
2019-01-02 09:30:23.390000,9.300,200,1,2,266218,0,2
2019-01-02 09:30:23.590000,9.390,200,2,2,266519,0,2
2019-01-02 09:30:24.110000,9.400,1500,1,2,267248,0,2
2019-01-02 09:30:24.360000,9.410,10000,2,2,267661,0,2
2019-01-02 09:30:24.460000,9.540,2000,2,2,267905,0,2
2019-01-02 09:30:24.570000,9.390,2800,1,2,268142,0,2
2019-01-02 09:30:24.860000,9.450,2200,2,2,268726,0,2
2019-01-02 09:30:24.890000,0.000,20000,2,2,94776,0,1
2019-01-02 09:30:25.320000,9.400,100,2,2,269615,0,2
2019-01-02 09:30:25.650000,9.390,12800,2,2,270124,0,2
2019-01-02 09:30:25.780000,9.400,12900,2,2,270297,0,2
2019-01-02 09:30:26.020000,9.420,2900,2,2,270610,0,2
2019-01-02 09:30:26.280000,9.400,3200,1,2,271003,0,2
2019-01-02 09:30:26.480000,9.400,1100,2,2,271240,0,2
2019-01-02 09:30:26.700000,9.410,1100,2,2,271568,0,2
2019-01-02 09:30:26.980000,10.29,200,2,2,271990,0,2
2019-01-02 09:30:27.610000,9.410,5000,2,2,273217,0,2
2019-01-02 09:30:28.060000,9.400,2303,2,2,274100,0,2
2019-01-02 09:30:28.250000,9.370,3000,1,2,274449,0,2
2019-01-02 09:30:28.250000,0.000,100,2,2,269615,0,1
2019-01-02 09:30:28.290000,9.390,2100,2,2,274510,0,2
2019-01-02 09:30:28.310000,9.370,10000,2,2,274546,0,2
2019-01-02 09:30:28.650000,9.420,5000,2,2,275067,0,2
2019-01-02 09:30:28.710000,9.390,700,1,2,275168,0,2
2019-01-02 09:30:29.420000,9.300,1000,1,2,276138,0,2
2019-01-02 09:30:29.610000,9.360,10000,1,2,276382,0,2
2019-01-02 09:30:29.750000,9.410,1500,1,2,276564,0,2
2019-01-02 09:30:29.960000,0.000,1500,2,1,276842,1,2
2019-01-02 09:30:30.060000,9.390,800,1,2,276992,0,2
2019-01-02 09:30:30.070000,9.410,5600,2,2,277009,0,2
2019-01-02 09:30:30.200000,9.400,200,1,2,277249,0,2
2019-01-02 09:30:30.270000,9.390,1000,1,2,277390,0,2
2019-01-02 09:30:30.290000,9.390,72400,2,2,277433,0,2
2019-01-02 09:30:30.570000,9.400,5100,1,2,278008,0,2
2019-01-02 09:30:30.800000,9.420,7960,2,2,278410,0,2
2019-01-02 09:30:30.820000,9.450,1000,2,2,278443,0,2
2019-01-02 09:30:30.870000,9.400,8300,2,2,278531,0,2
2019-01-02 09:30:31.450000,9.390,1000,2,2,279515,0,2
2019-01-02 09:30:31.530000,0.000,1000,1,2,252313,0,1
2019-01-02 09:30:31.620000,9.400,100,2,2,279871,0,2
2019-01-02 09:30:33.350000,9.420,1200,2,2,282781,0,2
2019-01-02 09:30:33.540000,0.000,1900,1,2,46409,0,1
2019-01-02 09:30:33.600000,9.390,1000,1,2,283517,0,2
2019-01-02 09:30:33.850000,9.390,100,2,2,284046,0,2
2019-01-02 09:30:34.230000,9.420,800,2,2,284800,0,2
2019-01-02 09:30:34.230000,9.420,1000,2,2,284807,0,2
2019-01-02 09:30:34.490000,9.300,1700,2,2,285184,0,2
2019-01-02 09:30:34.500000,9.390,200,1,2,285223,0,2
2019-01-02 09:30:34.610000,9.380,200,2,2,285414,0,2
2019-01-02 09:30:34.700000,9.410,1100,2,2,285572,0,2
2019-01-02 09:30:34.960000,9.390,500,2,2,286034,0,2
2019-01-02 09:30:35.090000,0.000,2000,2,2,249813,0,1
2019-01-02 09:30:35.340000,0.000,5000,2,2,178159,0,1
2019-01-02 09:30:35.740000,0.000,27600,2,2,92166,0,1
2019-01-02 09:30:36.110000,9.300,1700,2,2,287825,0,2
2019-01-02 09:30:36.170000,9.400,400,2,2,287981,0,2
2019-01-02 09:30:36.180000,9.390,300,1,2,288024,0,2
2019-01-02 09:30:36.380000,9.370,10000,2,2,288513,0,2
2019-01-02 09:30:36.450000,9.450,100,2,2,288691,0,2
2019-01-02 09:30:36.830000,8.440,4100,2,2,289728,0,2
2019-01-02 09:30:37.060000,0.000,700,2,2,140644,0,1
2019-01-02 09:30:37.420000,9.410,500,1,2,290986,0,2
2019-01-02 09:30:37.500000,9.390,500,1,2,291161,0,2
2019-01-02 09:30:37.750000,0.000,10000,2,2,267661,0,1
2019-01-02 09:30:38.070000,9.360,8200,2,2,292166,0,2
2019-01-02 09:30:38.490000,9.660,2000,2,2,292974,0,2
2019-01-02 09:30:38.570000,9.000,1700,1,2,293071,0,2
2019-01-02 09:30:38.670000,9.400,800,1,2,293190,0,2
2019-01-02 09:30:38.840000,9.400,1100,2,2,293425,0,2
2019-01-02 09:30:39.130000,9.540,5000,2,2,293859,0,2
2019-01-02 09:30:39.490000,9.410,600,1,2,294598,0,2
2019-01-02 09:30:39.590000,9.450,25670,2,2,294838,0,2
2019-01-02 09:30:40.590000,9.390,1000,1,2,296958,0,2
2019-01-02 09:30:40.930000,8.450,2300,2,2,297460,0,2
2019-01-02 09:30:41.120000,8.900,1000,1,2,297775,0,2
2019-01-02 09:30:41.330000,9.400,300,1,2,298270,0,2
2019-01-02 09:30:41.620000,9.380,2000,1,2,298749,0,2
2019-01-02 09:30:41.640000,9.400,38200,1,2,298783,0,2
2019-01-02 09:30:41.860000,9.450,2000,2,2,299110,0,2
2019-01-02 09:30:41.940000,9.640,1000,2,2,299222,0,2
2019-01-02 09:30:42.000000,9.400,2000,2,2,299313,0,2
2019-01-02 09:30:42.050000,9.390,1000,1,2,299383,0,2
2019-01-02 09:30:42.270000,0.000,8300,2,2,278531,0,1
2019-01-02 09:30:42.390000,9.400,2000,1,2,300277,0,2
2019-01-02 09:30:42.460000,9.420,3000,2,2,300424,0,2
2019-01-02 09:30:42.940000,9.390,10000,2,2,301657,0,2
2019-01-02 09:30:43.090000,9.400,1000,2,2,302011,0,2
2019-01-02 09:30:43.190000,9.390,1700,2,2,302210,0,2
2019-01-02 09:30:43.220000,9.350,600,1,2,302282,0,2
2019-01-02 09:30:43.230000,9.700,1000,2,2,302305,0,2
2019-01-02 09:30:43.250000,9.390,40400,2,2,302329,0,2
2019-01-02 09:30:43.360000,9.400,600,1,2,302558,0,2
2019-01-02 09:30:43.820000,9.390,200,2,2,303345,0,2
2019-01-02 09:30:43.850000,9.350,3000,1,2,303380,0,2
2019-01-02 09:30:44.230000,9.400,12000,2,2,303933,0,2
2019-01-02 09:30:44.270000,9.370,10000,2,2,303980,0,2
2019-01-02 09:30:44.350000,9.430,10000,2,2,304132,0,2
2019-01-02 09:30:44.490000,9.400,4700,1,2,304334,0,2
2019-01-02 09:30:44.670000,9.420,700,2,2,304623,0,2
2019-01-02 09:30:44.870000,9.390,500,2,2,304934,0,2
2019-01-02 09:30:45.320000,9.390,1000,1,2,305731,0,2
2019-01-02 09:30:45.590000,9.380,200,2,2,306427,0,2
2019-01-02 09:30:45.800000,9.490,8000,2,2,306975,0,2
2019-01-02 09:30:45.800000,9.490,400,2,2,306976,0,2
2019-01-02 09:30:45.940000,8.900,2500,1,2,307350,0,2
2019-01-02 09:30:46.420000,9.400,8200,1,2,308176,0,2
2019-01-02 09:30:46.470000,10.08,5000,2,2,308235,0,2
2019-01-02 09:30:46.510000,9.410,400,1,2,308295,0,2
2019-01-02 09:30:46.640000,9.530,200,2,2,308484,0,2
2019-01-02 09:30:46.840000,9.440,2000,2,2,308776,0,2
2019-01-02 09:30:46.890000,10.08,2000,2,2,308865,0,2
2019-01-02 09:30:47.070000,9.400,500,1,2,309128,0,2
2019-01-02 09:30:47.370000,9.390,1000,1,2,309506,0,2
2019-01-02 09:30:47.410000,9.400,6700,2,2,309568,0,2
2019-01-02 09:30:47.540000,9.420,1000,2,2,309795,0,2
2019-01-02 09:30:47.940000,9.400,3000,1,2,310334,0,2
2019-01-02 09:30:48.160000,9.490,1400,2,2,310665,0,2
2019-01-02 09:30:48.190000,9.390,2000,1,2,310723,0,2
2019-01-02 09:30:50.090000,9.480,300,2,2,314534,0,2
2019-01-02 09:30:50.160000,9.280,6200,1,2,314623,0,2
2019-01-02 09:30:50.320000,9.400,1100,2,2,314869,0,2
2019-01-02 09:30:50.350000,9.390,1000,2,2,314897,0,2
2019-01-02 09:30:50.600000,9.630,27600,2,2,315268,0,2
2019-01-02 09:30:50.660000,9.390,1000,1,2,315353,0,2
2019-01-02 09:30:50.930000,9.500,3000,2,2,315751,0,2
2019-01-02 09:30:51.060000,9.450,400,2,2,315947,0,2
2019-01-02 09:30:51.120000,9.420,500,2,2,316045,0,2
2019-01-02 09:30:51.260000,9.390,3000,2,2,316312,0,2
2019-01-02 09:30:51.460000,9.390,2300,2,2,316676,0,2
2019-01-02 09:30:51.760000,9.400,1400,2,2,317351,0,2
2019-01-02 09:30:52.050000,9.400,2000,1,2,318106,0,2
2019-01-02 09:30:52.230000,9.400,1300,1,2,318447,0,2
2019-01-02 09:30:52.300000,9.390,1000,2,2,318597,0,2
2019-01-02 09:30:52.370000,9.410,600,2,2,318698,0,2
2019-01-02 09:30:52.670000,0.000,1900,2,2,256342,0,1
2019-01-02 09:30:53.200000,0.000,1000,2,2,236320,0,1
2019-01-02 09:30:53.320000,9.420,5000,2,2,320089,0,2
2019-01-02 09:30:53.460000,9.200,1700,2,2,320282,0,2
2019-01-02 09:30:53.520000,9.400,5000,1,2,320422,0,2
2019-01-02 09:30:53.580000,9.370,10000,2,2,320530,0,2
2019-01-02 09:30:53.620000,9.480,400,2,2,320598,0,2
2019-01-02 09:30:53.650000,9.380,1000,1,2,320627,0,2
2019-01-02 09:30:53.960000,9.380,1700,2,2,320988,0,2
2019-01-02 09:30:54.120000,9.390,5000,2,2,321184,0,2
2019-01-02 09:30:54.540000,9.560,1600,2,2,322089,0,2
2019-01-02 09:30:54.540000,9.460,1000,2,2,322091,0,2
2019-01-02 09:30:54.880000,9.410,800,2,2,322741,0,2
2019-01-02 09:30:55.780000,9.390,800,1,2,324172,0,2
2019-01-02 09:30:55.810000,9.380,1000,1,2,324209,0,2
2019-01-02 09:30:56.000000,9.400,4700,1,2,324473,0,2
2019-01-02 09:30:56.160000,0.000,1000,1,2,86849,0,1
2019-01-02 09:30:56.250000,9.400,9800,1,2,324826,0,2
2019-01-02 09:30:56.530000,9.380,100,2,2,325160,0,2
2019-01-02 09:30:56.770000,9.390,200,1,2,325448,0,2
2019-01-02 09:30:57.310000,10.28,2000,2,2,326405,0,2
2019-01-02 09:30:57.440000,9.520,2100,2,2,326709,0,2
2019-01-02 09:30:57.570000,9.390,100,2,2,326991,0,2
2019-01-02 09:30:57.900000,9.400,500,2,2,327757,0,2
2019-01-02 09:30:58.200000,9.390,11697,2,2,328306,0,2
2019-01-02 09:30:58.320000,9.320,10500,1,2,328540,0,2
2019-01-02 09:30:58.330000,8.440,100,1,2,328546,0,2
2019-01-02 09:30:58.330000,8.440,100,1,2,328547,0,2
2019-01-02 09:30:58.960000,9.400,10000,1,2,329471,0,2
2019-01-02 09:30:59.150000,10.00,300,2,2,329758,0,2
2019-01-02 09:30:59.220000,9.400,200,1,2,329868,0,2
2019-01-02 09:30:59.880000,0.000,500,1,2,291161,0,1
2019-01-02 09:30:59.930000,9.310,100,1,2,330803,0,2
2019-01-02 09:31:00.100000,9.390,1400,1,2,331087,0,2
2019-01-02 09:31:00.120000,9.390,500,1,2,331119,0,2
2019-01-02 09:31:00.180000,9.390,800,1,2,331206,0,2
2019-01-02 09:31:00.310000,9.350,500,1,2,331530,0,2
2019-01-02 09:31:00.330000,0.000,100,1,2,328546,0,1
2019-01-02 09:31:00.330000,0.000,100,1,2,328547,0,1
2019-01-02 09:31:01.020000,9.690,1000,2,2,333375,0,2
2019-01-02 09:31:01.070000,9.400,200,1,2,333499,0,2
2019-01-02 09:31:01.340000,0.000,900,1,2,90588,0,1
2019-01-02 09:31:01.660000,0.000,200,1,2,285223,0,1
2019-01-02 09:31:01.820000,9.390,200,2,2,335018,0,2
2019-01-02 09:31:02.750000,9.330,10000,1,2,336421,0,2
2019-01-02 09:31:03.180000,9.400,10700,2,2,337046,0,2
2019-01-02 09:31:03.930000,9.600,500,2,2,338760,0,2
2019-01-02 09:31:04.430000,9.390,5300,1,2,339483,0,2
2019-01-02 09:31:04.840000,9.830,5000,2,2,340102,0,2
2019-01-02 09:31:05.370000,0.000,5000,2,2,275067,0,1
2019-01-02 09:31:05.460000,0.000,1000,1,2,141286,0,1
2019-01-02 09:31:05.650000,0.000,600,1,2,42382,0,1
2019-01-02 09:31:06.400000,9.390,300,1,2,342606,0,2
2019-01-02 09:31:06.470000,9.400,15000,2,2,342737,0,2
2019-01-02 09:31:06.630000,9.380,2000,2,2,343173,0,2
2019-01-02 09:31:06.760000,9.390,1100,1,2,343507,0,2
2019-01-02 09:31:07.080000,9.510,1100,2,2,344537,0,2
2019-01-02 09:31:07.170000,9.110,100,1,2,344685,0,2
2019-01-02 09:31:07.270000,9.650,1500,2,2,344823,0,2
2019-01-02 09:31:07.450000,9.380,200,2,2,345130,0,2
2019-01-02 09:31:07.470000,9.410,800,2,2,345172,0,2
2019-01-02 09:31:07.500000,9.500,500,2,2,345222,0,2
2019-01-02 09:31:07.530000,9.370,10000,2,2,345258,0,2
2019-01-02 09:31:07.670000,9.420,800,2,2,345494,0,2
2019-01-02 09:31:07.900000,9.390,1400,1,2,345902,0,2
2019-01-02 09:31:08.050000,9.400,9100,1,2,346100,0,2
2019-01-02 09:31:08.070000,10.00,1000,2,2,346118,0,2
2019-01-02 09:31:08.480000,9.790,1500,2,2,346680,0,2
2019-01-02 09:31:08.910000,9.550,8400,2,2,347316,0,2
2019-01-02 09:31:09.050000,9.400,34800,1,2,347562,0,2
2019-01-02 09:31:09.370000,9.390,900,1,2,348162,0,2
2019-01-02 09:31:09.480000,9.360,200,1,2,348410,0,2
2019-01-02 09:31:09.880000,0.000,1000,2,2,176063,0,1
2019-01-02 09:31:09.930000,9.530,1000,2,2,349485,0,2
2019-01-02 09:31:10.300000,0.000,3800,1,2,11398,0,1
2019-01-02 09:31:10.730000,9.380,500,1,2,351068,0,2
2019-01-02 09:31:11.020000,9.880,7300,2,2,351486,0,2
2019-01-02 09:31:11.430000,9.380,2000,1,2,352049,0,2
2019-01-02 09:31:11.500000,9.390,20000,2,2,352167,0,2
2019-01-02 09:31:11.720000,9.520,600,2,2,352461,0,2
2019-01-02 09:31:12.210000,9.420,1000,2,2,353380,0,2
2019-01-02 09:31:12.650000,9.390,12200,2,2,354405,0,2
2019-01-02 09:31:13.260000,9.400,2000,2,2,355705,0,2
2019-01-02 09:31:13.280000,9.380,2600,1,2,355747,0,2
2019-01-02 09:31:13.530000,0.000,1700,2,2,177526,0,1
2019-01-02 09:31:13.810000,9.390,100,1,2,356610,0,2
2019-01-02 09:31:13.810000,9.390,5000,1,2,356618,0,2
2019-01-02 09:31:14.260000,9.400,2000,1,2,357263,0,2
2019-01-02 09:31:14.680000,0.000,3000,1,2,178266,0,1
2019-01-02 09:31:14.800000,9.420,2900,2,2,357972,0,2
2019-01-02 09:31:15.130000,0.000,400,1,2,166631,0,1
2019-01-02 09:31:15.180000,9.410,500,1,2,358562,0,2
2019-01-02 09:31:15.240000,9.400,4000,1,2,358683,0,2
2019-01-02 09:31:15.310000,9.400,600,1,2,358821,0,2
2019-01-02 09:31:15.580000,0.000,5000,1,2,42506,0,1
2019-01-02 09:31:16.140000,9.370,10000,2,2,360672,0,2
2019-01-02 09:31:16.660000,9.400,1000,2,2,361495,0,2
2019-01-02 09:31:16.710000,9.390,2100,2,2,361580,0,2
2019-01-02 09:31:16.870000,9.350,200,1,2,361782,0,2
2019-01-02 09:31:17.410000,9.550,2000,2,2,362502,0,2
2019-01-02 09:31:17.430000,9.420,12300,2,2,362526,0,2
2019-01-02 09:31:17.520000,9.390,100,1,2,362697,0,2
2019-01-02 09:31:18.080000,9.800,200,2,2,363414,0,2
2019-01-02 09:31:18.170000,9.390,100,2,2,363551,0,2
2019-01-02 09:31:18.200000,9.390,1300,1,2,363595,0,2
2019-01-02 09:31:18.240000,9.390,200,1,2,363683,0,2
2019-01-02 09:31:18.290000,9.420,1500,2,2,363787,0,2
2019-01-02 09:31:18.390000,9.390,2000,1,2,363975,0,2
2019-01-02 09:31:18.540000,9.380,200,2,2,364314,0,2
2019-01-02 09:31:18.700000,9.390,3200,1,2,364669,0,2
2019-01-02 09:31:18.830000,10.30,200,2,2,365049,0,2
2019-01-02 09:31:18.850000,0.000,10000,2,2,8045,0,1
2019-01-02 09:31:18.910000,0.000,10000,2,2,8046,0,1
2019-01-02 09:31:19.070000,9.360,16400,2,2,365503,0,2
2019-01-02 09:31:19.160000,0.000,100,2,2,26589,0,1
2019-01-02 09:31:19.830000,9.380,1500,2,2,366773,0,2
2019-01-02 09:31:20.120000,9.070,5000,1,2,367249,0,2
2019-01-02 09:31:20.360000,9.390,1000,1,2,367600,0,2
2019-01-02 09:31:20.650000,9.400,500,2,2,367950,0,2
2019-01-02 09:31:20.960000,9.390,1700,1,2,368359,0,2
2019-01-02 09:31:21.110000,9.390,14000,2,2,368549,0,2
2019-01-02 09:31:21.190000,9.400,100,2,2,368686,0,2
2019-01-02 09:31:21.620000,9.480,1100,2,2,369705,0,2
2019-01-02 09:31:21.790000,9.500,300,2,2,370039,0,2
2019-01-02 09:31:21.850000,9.480,5000,2,2,370176,0,2
2019-01-02 09:31:21.950000,9.400,20000,1,2,370359,0,2
2019-01-02 09:31:21.950000,9.390,500,1,2,370365,0,2
2019-01-02 09:31:22.290000,9.450,1000,2,2,371012,0,2
2019-01-02 09:31:22.560000,9.420,7600,2,2,371456,0,2
2019-01-02 09:31:23.070000,0.000,5500,2,2,251969,0,1
2019-01-02 09:31:23.210000,9.350,3400,1,2,372305,0,2
2019-01-02 09:31:23.230000,9.390,3000,1,2,372341,0,2
2019-01-02 09:31:23.630000,10.32,100,2,2,372865,0,2
2019-01-02 09:31:23.770000,9.400,5200,2,2,373051,0,2
2019-01-02 09:31:23.800000,9.390,100,2,2,373109,0,2
2019-01-02 09:31:23.860000,9.370,1000,1,2,373180,0,2
2019-01-02 09:31:24.060000,9.400,1800,2,2,373472,0,2
2019-01-02 09:31:24.080000,9.400,1800,2,2,373487,0,2
2019-01-02 09:31:24.110000,9.400,200,2,2,373537,0,2
2019-01-02 09:31:24.110000,9.410,18400,2,2,373543,0,2
2019-01-02 09:31:24.150000,9.400,100,2,2,373619,0,2
2019-01-02 09:31:24.300000,9.390,5000,1,2,373854,0,2
2019-01-02 09:31:24.610000,9.370,8100,2,2,374504,0,2
2019-01-02 09:31:25.000000,9.300,300,1,2,375341,0,2
2019-01-02 09:31:25.200000,9.390,1000,1,2,375734,0,2
2019-01-02 09:31:25.280000,8.900,1000,1,2,375888,0,2
2019-01-02 09:31:25.550000,9.400,200,2,2,376319,0,2
2019-01-02 09:31:25.700000,9.400,1800,2,2,376557,0,2
2019-01-02 09:31:25.810000,0.000,500,1,2,243154,0,1
2019-01-02 09:31:26.030000,9.410,5000,2,2,377098,0,2
2019-01-02 09:31:26.460000,9.680,500,2,2,377663,0,2
2019-01-02 09:31:26.510000,9.410,1100,2,2,377713,0,2
2019-01-02 09:31:26.660000,9.420,20000,2,2,377919,0,2
2019-01-02 09:31:27.030000,9.400,1000,2,2,378391,0,2
2019-01-02 09:31:27.080000,0.000,1800,2,2,373487,0,1
2019-01-02 09:31:27.170000,9.380,9100,2,2,378581,0,2
2019-01-02 09:31:27.170000,0.000,100,2,2,373619,0,1
2019-01-02 09:31:27.650000,0.000,100,2,2,372865,0,1
2019-01-02 09:31:27.700000,9.490,700,2,2,379734,0,2
2019-01-02 09:31:27.800000,0.000,200,2,2,376319,0,1
2019-01-02 09:31:27.840000,9.410,45900,2,2,379998,0,2
2019-01-02 09:31:27.880000,9.440,1000,2,2,380102,0,2
2019-01-02 09:31:27.890000,9.420,3000,2,2,380115,0,2
2019-01-02 09:31:27.930000,9.410,300,1,2,380185,0,2
2019-01-02 09:31:28.750000,9.300,3000,1,2,381540,0,2
2019-01-02 09:31:28.760000,8.510,400,1,2,381570,0,2
2019-01-02 09:31:28.940000,9.410,5500,2,2,381864,0,2
2019-01-02 09:31:29.150000,9.550,1000,2,2,382128,0,2
2019-01-02 09:31:29.170000,9.350,500,1,2,382149,0,2
2019-01-02 09:31:29.180000,9.400,200,2,2,382165,0,2
2019-01-02 09:31:29.380000,9.420,1000,2,2,382481,0,2
2019-01-02 09:31:29.550000,9.550,1100,2,2,382739,0,2
2019-01-02 09:31:29.600000,9.380,200,2,2,382816,0,2
2019-01-02 09:31:29.720000,9.400,25000,2,2,383028,0,2
2019-01-02 09:31:29.790000,9.460,200,2,2,383123,0,2
2019-01-02 09:31:30.040000,9.380,1200,1,2,383413,0,2
2019-01-02 09:31:30.250000,9.390,700,1,2,383717,0,2
2019-01-02 09:31:30.380000,9.760,2200,2,2,383963,0,2
2019-01-02 09:31:30.430000,9.490,10000,2,2,384067,0,2
2019-01-02 09:31:30.470000,9.420,2000,2,2,384146,0,2
2019-01-02 09:31:30.470000,9.320,50000,1,2,384149,0,2
2019-01-02 09:31:30.610000,9.380,1800,1,2,384397,0,2
2019-01-02 09:31:30.950000,9.410,2200,2,2,385029,0,2
2019-01-02 09:31:30.980000,9.500,1000,2,2,385093,0,2
2019-01-02 09:31:31.300000,9.500,1000,2,2,385597,0,2
2019-01-02 09:31:31.330000,9.390,300,1,2,385645,0,2
2019-01-02 09:31:31.380000,9.100,100,1,2,385776,0,2
2019-01-02 09:31:31.410000,9.350,400,1,2,385811,0,2
2019-01-02 09:31:31.640000,9.400,3000,2,2,386194,0,2
2019-01-02 09:31:31.960000,9.360,10000,2,2,386680,0,2
2019-01-02 09:31:32.240000,9.400,2200,1,2,387077,0,2
2019-01-02 09:31:32.610000,9.400,700,2,2,387526,0,2
2019-01-02 09:31:32.620000,9.400,1100,2,2,387550,0,2
2019-01-02 09:31:32.750000,9.400,4000,2,2,387775,0,2
2019-01-02 09:31:33.120000,9.410,3000,2,2,388260,0,2
2019-01-02 09:31:33.330000,9.470,1000,2,2,388583,0,2
2019-01-02 09:31:33.540000,9.480,500,2,2,388972,0,2
2019-01-02 09:31:33.570000,0.000,2900,2,2,257479,0,1
2019-01-02 09:31:33.770000,9.390,1000,1,2,389494,0,2
2019-01-02 09:31:33.830000,9.400,900,2,2,389650,0,2
2019-01-02 09:31:33.850000,9.350,1000,1,2,389707,0,2
2019-01-02 09:31:33.950000,9.550,100,2,2,389931,0,2
2019-01-02 09:31:34.170000,9.380,1300,2,2,390297,0,2
2019-01-02 09:31:34.530000,0.000,5500,2,2,381864,0,1
2019-01-02 09:31:34.650000,9.340,3000,1,2,391028,0,2
2019-01-02 09:31:34.760000,9.290,500,1,2,391207,0,2
2019-01-02 09:31:34.800000,9.400,1400,2,2,391261,0,2
2019-01-02 09:31:34.890000,0.000,5000,2,2,273217,0,1
2019-01-02 09:31:35.060000,0.000,1100,2,2,193731,0,1
2019-01-02 09:31:35.860000,9.890,500,2,2,392711,0,2
2019-01-02 09:31:36.880000,9.380,100,1,2,394755,0,2
2019-01-02 09:31:36.940000,0.000,100,1,2,385776,0,1
2019-01-02 09:31:37.070000,9.380,3100,1,2,395127,0,2
2019-01-02 09:31:37.140000,9.400,1000,2,2,395277,0,2
2019-01-02 09:31:37.190000,9.450,800,2,2,395362,0,2
2019-01-02 09:31:37.250000,9.460,500,2,2,395474,0,2
2019-01-02 09:31:37.770000,9.380,2000,1,2,396332,0,2
2019-01-02 09:31:37.860000,9.380,500,1,2,396446,0,2
2019-01-02 09:31:37.880000,9.400,300,1,2,396468,0,2
2019-01-02 09:31:38.290000,9.380,500,1,2,396998,0,2
2019-01-02 09:31:38.300000,9.360,500,1,2,397003,0,2
2019-01-02 09:31:38.410000,9.000,100,1,2,397113,0,2
2019-01-02 09:31:38.640000,9.380,1000,1,2,397470,0,2
2019-01-02 09:31:38.720000,9.380,100,2,2,397579,0,2
2019-01-02 09:31:38.770000,9.420,1000,2,2,397661,0,2
2019-01-02 09:31:38.890000,9.390,3600,2,2,397829,0,2
2019-01-02 09:31:38.960000,9.410,5300,2,2,397931,0,2
2019-01-02 09:31:39.090000,9.400,5500,2,2,398102,0,2
2019-01-02 09:31:39.290000,9.370,1000,2,2,398437,0,2
2019-01-02 09:31:39.290000,9.390,1800,2,2,398444,0,2
2019-01-02 09:31:39.360000,9.360,6500,2,2,398572,0,2
2019-01-02 09:31:39.570000,9.390,4000,2,2,398977,0,2
2019-01-02 09:31:39.570000,9.370,1600,2,2,398978,0,2
2019-01-02 09:31:39.770000,0.000,3000,2,2,109458,0,1
2019-01-02 09:31:39.810000,9.360,1000,1,2,399483,0,2
2019-01-02 09:31:40.120000,9.380,1100,1,2,400038,0,2
2019-01-02 09:31:40.140000,9.390,17200,2,2,400070,0,2
2019-01-02 09:31:40.540000,9.380,100,1,2,400684,0,2
2019-01-02 09:31:40.550000,9.370,200,2,2,400697,0,2
2019-01-02 09:31:40.560000,9.420,1700,2,2,400714,0,2
2019-01-02 09:31:41.240000,10.20,500,2,2,401754,0,2
2019-01-02 09:31:41.470000,9.370,2100,1,2,402115,0,2
2019-01-02 09:31:41.800000,9.490,1000,2,2,402580,0,2
2019-01-02 09:31:41.850000,9.680,2500,2,2,402635,0,2
2019-01-02 09:31:42.070000,9.380,100,1,2,402967,0,2
2019-01-02 09:31:42.180000,9.380,100,2,2,403138,0,2
2019-01-02 09:31:42.210000,9.400,100,1,2,403177,0,2
2019-01-02 09:31:42.710000,9.370,100,2,2,404207,0,2
2019-01-02 09:31:43.500000,9.420,500,2,2,405806,0,2
2019-01-02 09:31:43.720000,9.420,600,2,2,406155,0,2
2019-01-02 09:31:43.860000,9.380,1000,1,2,406345,0,2
2019-01-02 09:31:44.140000,9.400,800,2,2,406781,0,2
2019-01-02 09:31:44.450000,9.350,16400,2,2,407325,0,2
2019-01-02 09:31:45.270000,9.450,2000,2,2,408712,0,2
2019-01-02 09:31:45.460000,9.400,55000,1,2,409097,0,2
2019-01-02 09:31:45.770000,9.400,1700,2,2,409821,0,2
2019-01-02 09:31:45.900000,9.370,200,1,2,410064,0,2
2019-01-02 09:31:46.000000,9.380,5100,2,2,410259,0,2
2019-01-02 09:31:46.240000,9.380,1700,2,2,410742,0,2
2019-01-02 09:31:46.290000,9.600,10000,2,2,410807,0,2
2019-01-02 09:31:46.360000,9.380,5000,1,2,410914,0,2
2019-01-02 09:31:46.490000,9.400,3000,2,2,411122,0,2
2019-01-02 09:31:46.590000,9.380,2600,1,2,411208,0,2
2019-01-02 09:31:46.620000,9.400,5000,2,2,411280,0,2
2019-01-02 09:31:46.720000,0.000,3400,1,2,372305,0,1
2019-01-02 09:31:46.800000,9.400,100,1,2,411579,0,2
2019-01-02 09:31:46.800000,9.380,500,1,2,411583,0,2
2019-01-02 09:31:47.170000,9.380,1000,2,2,412112,0,2
2019-01-02 09:31:47.260000,9.400,5600,2,2,412233,0,2
2019-01-02 09:31:47.450000,9.360,3300,2,2,412503,0,2
2019-01-02 09:31:47.460000,9.680,1000,2,2,412509,0,2
2019-01-02 09:31:48.020000,9.450,2900,2,2,413352,0,2
2019-01-02 09:31:48.680000,0.000,2500,2,1,414744,1,2
2019-01-02 09:31:49.290000,9.390,50300,2,2,416018,0,2
2019-01-02 09:31:50.380000,9.400,500,2,2,417758,0,2
2019-01-02 09:31:50.720000,9.380,1000,1,2,418202,0,2
2019-01-02 09:31:51.030000,9.330,400,1,2,418663,0,2
2019-01-02 09:31:51.250000,9.360,200,1,2,419046,0,2
2019-01-02 09:31:51.400000,9.370,5000,1,2,419417,0,2
2019-01-02 09:31:51.420000,9.380,100,1,2,419524,0,2
2019-01-02 09:31:51.610000,9.370,1900,1,2,420014,0,2
2019-01-02 09:31:51.680000,9.370,200,2,2,420138,0,2
2019-01-02 09:31:51.770000,0.000,1000,2,2,157202,0,1
2019-01-02 09:31:51.850000,9.630,300,2,2,420575,0,2
2019-01-02 09:31:51.940000,9.410,20000,2,2,420771,0,2
2019-01-02 09:31:52.640000,0.000,128200,2,2,232550,0,1
2019-01-02 09:31:52.720000,9.390,9700,2,2,422053,0,2
2019-01-02 09:31:53.110000,9.400,2700,2,2,422528,0,2
2019-01-02 09:31:53.290000,9.400,1900,2,2,422772,0,2
2019-01-02 09:31:53.360000,9.370,4100,2,2,422862,0,2
2019-01-02 09:31:53.430000,9.430,1000,2,2,423006,0,2
2019-01-02 09:31:53.500000,9.400,7300,2,2,423109,0,2
2019-01-02 09:31:54.280000,9.360,5000,1,2,424120,0,2
2019-01-02 09:31:54.400000,9.370,4600,2,2,424406,0,2
2019-01-02 09:31:54.970000,9.450,2000,2,2,425691,0,2
2019-01-02 09:31:55.390000,9.480,80000,2,2,426449,0,2
2019-01-02 09:31:55.630000,9.380,200,2,2,426849,0,2
2019-01-02 09:31:55.890000,9.380,2200,1,2,427233,0,2
2019-01-02 09:31:56.320000,9.350,1000,1,2,427809,0,2
2019-01-02 09:31:56.970000,9.390,1300,1,2,428849,0,2
2019-01-02 09:31:57.580000,9.390,3000,2,2,429793,0,2
2019-01-02 09:31:57.910000,9.400,52200,2,2,430396,0,2
2019-01-02 09:31:58.770000,9.430,1100,2,2,431715,0,2
2019-01-02 09:31:58.820000,9.690,8800,2,2,431801,0,2
2019-01-02 09:31:59.040000,9.340,1000,1,2,432089,0,2
2019-01-02 09:31:59.510000,9.370,200,1,2,432671,0,2
2019-01-02 09:31:59.550000,9.370,10000,1,2,432733,0,2
2019-01-02 09:31:59.640000,0.000,500,1,2,161545,0,1
2019-01-02 09:32:00.510000,9.490,3000,2,2,434230,0,2
2019-01-02 09:32:01.200000,9.380,13700,1,2,435828,0,2
2019-01-02 09:32:01.210000,9.390,500,2,2,435844,0,2
2019-01-02 09:32:01.720000,9.450,2000,2,2,436951,0,2
2019-01-02 09:32:01.840000,9.380,400,1,2,437158,0,2
2019-01-02 09:32:02.030000,9.370,2300,2,2,437475,0,2
2019-01-02 09:32:02.380000,9.580,14400,1,2,438125,0,2
2019-01-02 09:32:02.610000,10.32,200,2,2,438466,0,2
2019-01-02 09:32:02.610000,9.370,100,2,2,438470,0,2
2019-01-02 09:32:02.960000,9.390,500,1,2,438963,0,2
2019-01-02 09:32:03.790000,0.000,1200,1,2,383413,0,1
2019-01-02 09:32:03.910000,9.390,1000,2,2,440990,0,2
2019-01-02 09:32:04.570000,0.000,2000,1,2,184061,0,1
2019-01-02 09:32:04.960000,9.420,3000,2,2,442816,0,2
2019-01-02 09:32:05.050000,0.000,100,2,2,288691,0,1
2019-01-02 09:32:05.130000,9.350,16400,2,2,443123,0,2
2019-01-02 09:32:05.210000,0.000,5000,2,2,377098,0,1
2019-01-02 09:32:05.430000,9.390,1500,1,2,443654,0,2
2019-01-02 09:32:05.450000,0.000,1000,1,2,427809,0,1
2019-01-02 09:32:05.520000,0.000,1400,2,2,391261,0,1
2019-01-02 09:32:05.930000,9.390,5000,1,2,444383,0,2
2019-01-02 09:32:05.990000,9.350,100,1,2,444462,0,2
2019-01-02 09:32:06.080000,0.000,700,2,2,304623,0,1
2019-01-02 09:32:07.230000,9.380,600,1,2,446871,0,2
2019-01-02 09:32:07.770000,9.200,500,1,2,447675,0,2
2019-01-02 09:32:08.430000,9.500,9000,2,2,448480,0,2
2019-01-02 09:32:08.560000,9.550,2000,2,2,448628,0,2
2019-01-02 09:32:08.580000,9.370,10000,1,2,448654,0,2
2019-01-02 09:32:08.740000,0.000,2500,2,2,143425,0,1
2019-01-02 09:32:09.170000,9.380,700,2,2,449523,0,2
2019-01-02 09:32:09.320000,9.420,5000,2,2,449797,0,2
2019-01-02 09:32:09.600000,9.400,50000,2,2,450376,0,2
2019-01-02 09:32:10.760000,9.380,2100,1,2,452225,0,2
2019-01-02 09:32:11.160000,9.400,400,2,2,452775,0,2
2019-01-02 09:32:11.720000,0.000,1000,2,2,243932,0,1
2019-01-02 09:32:11.940000,9.370,1600,2,2,453828,0,2
2019-01-02 09:32:11.950000,9.380,100000,1,2,453846,0,2
2019-01-02 09:32:12.100000,9.460,3200,2,2,454087,0,2
2019-01-02 09:32:12.100000,9.420,800,2,2,454092,0,2
2019-01-02 09:32:12.130000,0.000,100,1,2,402967,0,1
2019-01-02 09:32:12.450000,9.300,5000,2,2,454819,0,2
2019-01-02 09:32:13.020000,9.340,2200,1,2,456242,0,2
2019-01-02 09:32:13.080000,9.350,400,1,2,456405,0,2
2019-01-02 09:32:13.300000,9.410,128200,2,2,456923,0,2
2019-01-02 09:32:13.340000,9.370,100,2,2,457002,0,2
2019-01-02 09:32:13.560000,9.370,200,2,2,457336,0,2
2019-01-02 09:32:13.620000,9.280,2700,1,2,457466,0,2
2019-01-02 09:32:14.200000,9.280,1100,1,2,458298,0,2
2019-01-02 09:32:14.790000,9.350,1600,1,2,459081,0,2
2019-01-02 09:32:14.800000,9.420,1000,2,2,459085,0,2
2019-01-02 09:32:15.080000,9.380,100,1,2,459437,0,2
2019-01-02 09:32:15.090000,9.570,6100,2,2,459444,0,2
2019-01-02 09:32:15.100000,9.640,200,2,2,459458,0,2
2019-01-02 09:32:15.290000,10.05,300,2,2,459818,0,2
2019-01-02 09:32:15.680000,9.380,600,1,2,460747,0,2
2019-01-02 09:32:16.000000,9.400,100,2,2,461381,0,2
2019-01-02 09:32:16.060000,9.390,6000,2,2,461523,0,2
2019-01-02 09:32:16.920000,9.380,7800,2,2,462672,0,2
2019-01-02 09:32:17.540000,9.380,100,1,2,463453,0,2
2019-01-02 09:32:17.830000,9.000,3000,1,2,463740,0,2
2019-01-02 09:32:18.580000,9.350,500,1,2,464984,0,2
2019-01-02 09:32:18.890000,9.430,800,2,2,465750,0,2
2019-01-02 09:32:19.210000,9.390,700,2,2,466238,0,2
2019-01-02 09:32:19.290000,9.420,1000,2,2,466379,0,2
2019-01-02 09:32:20.180000,9.520,3100,2,2,467580,0,2
2019-01-02 09:32:20.430000,9.360,10000,2,2,467919,0,2
2019-01-02 09:32:20.620000,9.360,10000,1,2,468109,0,2
2019-01-02 09:32:20.680000,9.680,1500,2,2,468181,0,2
2019-01-02 09:32:20.930000,9.380,12300,2,2,468500,0,2
2019-01-02 09:32:21.800000,0.000,900,2,2,253180,0,1
2019-01-02 09:32:21.910000,9.390,200,2,2,470327,0,2
2019-01-02 09:32:22.890000,9.390,1000,1,2,471954,0,2
2019-01-02 09:32:22.960000,9.380,500,1,2,472037,0,2
2019-01-02 09:32:23.120000,0.000,5000,2,2,411280,0,1
2019-01-02 09:32:23.310000,9.450,7800,2,2,472470,0,2
2019-01-02 09:32:23.430000,9.500,1000,2,2,472639,0,2
2019-01-02 09:32:23.540000,9.300,1000,1,2,472776,0,2
2019-01-02 09:32:24.000000,9.880,1000,2,2,473364,0,2
2019-01-02 09:32:24.540000,9.370,200,2,2,474460,0,2
2019-01-02 09:32:24.740000,9.850,200,2,2,474911,0,2
2019-01-02 09:32:24.740000,0.000,1000,1,2,276138,0,1
2019-01-02 09:32:25.570000,9.350,500,1,2,476276,0,2
2019-01-02 09:32:25.740000,0.000,1000,1,2,79029,0,1
2019-01-02 09:32:26.180000,9.400,2500,2,2,477044,0,2
2019-01-02 09:32:26.340000,9.380,500,2,2,477222,0,2
2019-01-02 09:32:26.530000,10.32,2000,2,2,477447,0,2
2019-01-02 09:32:26.630000,9.680,1000,2,2,477543,0,2
2019-01-02 09:32:26.650000,9.380,7900,1,2,477575,0,2
2019-01-02 09:32:26.650000,0.000,200,1,2,179375,0,1
2019-01-02 09:32:26.660000,9.500,5000,2,2,477588,0,2
2019-01-02 09:32:28.340000,9.300,3000,1,2,480659,0,2
2019-01-02 09:32:28.420000,9.360,7000,2,2,480776,0,2
2019-01-02 09:32:28.640000,9.390,800,1,2,481148,0,2
2019-01-02 09:32:29.340000,9.100,1000,1,2,482126,0,2
2019-01-02 09:32:29.670000,9.210,300,1,2,482565,0,2
2019-01-02 09:32:29.860000,0.000,2700,2,2,422528,0,1
2019-01-02 09:32:30.040000,9.360,500,1,2,483071,0,2
2019-01-02 09:32:30.350000,0.000,1500,2,2,109002,0,1
2019-01-02 09:32:30.550000,9.920,1000,2,2,484094,0,2
2019-01-02 09:32:30.730000,9.400,100,1,2,484451,0,2
2019-01-02 09:32:31.030000,9.610,1300,2,2,485145,0,2
2019-01-02 09:32:31.600000,10.00,100,2,2,486107,0,2
2019-01-02 09:32:31.930000,9.260,1000,1,2,486539,0,2
2019-01-02 09:32:32.060000,0.000,2000,2,2,157485,0,1
2019-01-02 09:32:32.730000,9.390,2000,1,2,487623,0,2
2019-01-02 09:32:32.930000,9.500,2500,2,2,487866,0,2
2019-01-02 09:32:33.400000,0.000,1500,2,2,203394,0,1
2019-01-02 09:32:33.720000,9.380,2600,2,2,489451,0,2
2019-01-02 09:32:33.950000,9.380,3200,1,2,489908,0,2
2019-01-02 09:32:34.040000,9.390,13600,1,2,490083,0,2
2019-01-02 09:32:34.270000,0.000,1500,2,2,227318,0,1
2019-01-02 09:32:34.370000,9.390,300,1,2,490656,0,2
2019-01-02 09:32:34.620000,9.340,100,1,2,491021,0,2
2019-01-02 09:32:34.630000,9.380,1300,1,2,491048,0,2
2019-01-02 09:32:34.660000,9.380,1000,1,2,491097,0,2
2019-01-02 09:32:35.120000,9.390,5000,2,2,491701,0,2
2019-01-02 09:32:35.550000,9.370,200,2,2,492297,0,2
2019-01-02 09:32:35.670000,9.350,8200,2,2,492438,0,2
2019-01-02 09:32:35.920000,9.300,2900,1,2,492761,0,2
2019-01-02 09:32:36.040000,10.28,2000,2,2,492868,0,2
2019-01-02 09:32:36.110000,9.380,1100,2,2,492953,0,2
2019-01-02 09:32:36.330000,9.390,100,1,2,493372,0,2
2019-01-02 09:32:36.690000,9.380,200,1,2,494072,0,2
2019-01-02 09:32:36.710000,9.360,2500,2,2,494126,0,2
2019-01-02 09:32:36.810000,0.000,7800,2,2,165241,0,1
2019-01-02 09:32:37.010000,9.200,1000,1,2,494713,0,2
2019-01-02 09:32:37.680000,9.380,500,1,2,495815,0,2
2019-01-02 09:32:38.110000,9.380,100,1,2,496382,0,2
2019-01-02 09:32:38.830000,0.000,500,1,2,476276,0,1
2019-01-02 09:32:40.110000,9.390,20000,1,2,499579,0,2
2019-01-02 09:32:40.180000,9.800,100,2,2,499735,0,2
2019-01-02 09:32:41.190000,9.500,200,2,2,501106,0,2
2019-01-02 09:32:41.260000,9.470,2000,2,2,501257,0,2
2019-01-02 09:32:41.300000,9.160,8600,1,2,501339,0,2
2019-01-02 09:32:41.400000,0.000,100,1,2,397113,0,1
2019-01-02 09:32:41.480000,9.330,5400,1,2,501607,0,2
2019-01-02 09:32:41.780000,9.370,300,1,2,501903,0,2
2019-01-02 09:32:41.920000,0.000,2000,1,2,159559,0,1
2019-01-02 09:32:42.070000,9.370,1000,1,2,502212,0,2
2019-01-02 09:32:42.260000,9.470,2000,2,2,502539,0,2
2019-01-02 09:32:42.300000,9.370,1700,2,2,502603,0,2
2019-01-02 09:32:42.700000,9.390,2400,1,2,503429,0,2
2019-01-02 09:32:42.810000,0.000,5000,1,2,78411,0,1
2019-01-02 09:32:42.890000,9.390,2000,2,2,503790,0,2
2019-01-02 09:32:43.390000,9.390,8700,2,2,504560,0,2
2019-01-02 09:32:43.620000,9.080,5000,1,2,504926,0,2
2019-01-02 09:32:43.930000,9.380,200,1,2,505361,0,2
2019-01-02 09:32:44.060000,9.480,1000,2,2,505512,0,2
2019-01-02 09:32:44.520000,9.390,2700,2,2,506161,0,2
2019-01-02 09:32:44.530000,9.600,1000,2,2,506174,0,2
2019-01-02 09:32:44.850000,9.540,1500,2,2,506664,0,2
2019-01-02 09:32:45.110000,9.220,200,1,2,507021,0,2
2019-01-02 09:32:45.110000,0.000,100,1,2,459437,0,1
2019-01-02 09:32:45.900000,9.390,1500,1,2,508714,0,2
2019-01-02 09:32:46.570000,9.370,200,2,2,509838,0,2
2019-01-02 09:32:46.870000,9.360,9300,2,2,510387,0,2
2019-01-02 09:32:47.090000,0.000,800,2,2,406781,0,1
2019-01-02 09:32:47.210000,9.380,800,1,2,510814,0,2
2019-01-02 09:32:47.470000,9.490,700,2,2,511168,0,2
2019-01-02 09:32:48.070000,9.380,100,1,2,511968,0,2
2019-01-02 09:32:48.160000,9.390,200,2,2,512089,0,2
2019-01-02 09:32:48.230000,10.32,800,2,2,512233,0,2
2019-01-02 09:32:48.370000,9.380,500,1,2,512553,0,2
2019-01-02 09:32:48.520000,9.500,100,2,2,512965,0,2
2019-01-02 09:32:49.350000,9.370,200,1,2,514641,0,2
2019-01-02 09:32:49.810000,9.380,1000,1,2,515323,0,2
2019-01-02 09:32:50.070000,9.390,100,1,2,515668,0,2
2019-01-02 09:32:50.170000,8.780,10000,1,2,515824,0,2
2019-01-02 09:32:50.540000,9.310,2000,1,2,516296,0,2
2019-01-02 09:32:50.830000,9.880,11200,2,2,516611,0,2
2019-01-02 09:32:51.080000,0.000,18400,2,2,373543,0,1
2019-01-02 09:32:52.340000,10.00,100,2,2,519036,0,2
2019-01-02 09:32:52.700000,9.390,1600,1,2,519583,0,2
2019-01-02 09:32:53.130000,9.360,10000,2,2,520121,0,2
2019-01-02 09:32:53.170000,9.630,300,2,2,520171,0,2
2019-01-02 09:32:53.290000,9.380,300,2,2,520300,0,2
2019-01-02 09:32:54.150000,10.20,500,2,2,521304,0,2
2019-01-02 09:32:54.500000,8.900,5600,1,2,522024,0,2
2019-01-02 09:32:54.710000,9.350,10000,1,2,522383,0,2
2019-01-02 09:32:54.820000,9.380,100,2,2,522587,0,2
2019-01-02 09:32:55.500000,9.340,3300,1,2,523725,0,2
2019-01-02 09:32:55.530000,9.380,1800,2,2,523769,0,2
2019-01-02 09:32:56.350000,9.390,500,1,2,524698,0,2
2019-01-02 09:32:56.470000,9.380,400,1,2,524892,0,2
2019-01-02 09:32:56.480000,9.300,600,1,2,524900,0,2
2019-01-02 09:32:57.140000,9.390,800,2,2,525621,0,2
2019-01-02 09:32:57.410000,9.370,200,2,2,526080,0,2
2019-01-02 09:32:57.580000,0.000,5900,2,2,195549,0,1
2019-01-02 09:32:57.800000,9.380,10000,1,2,526939,0,2
2019-01-02 09:32:57.930000,9.390,3000,2,2,527298,0,2
2019-01-02 09:32:58.040000,9.200,100,1,2,527507,0,2
2019-01-02 09:32:58.040000,9.390,2200,1,2,527508,0,2
2019-01-02 09:32:58.100000,9.390,2700,1,2,527618,0,2
2019-01-02 09:32:58.250000,9.250,1000,1,2,527913,0,2
2019-01-02 09:32:58.340000,0.000,3000,1,2,9933,0,1
2019-01-02 09:32:58.720000,9.390,200,1,2,528794,0,2
2019-01-02 09:32:58.920000,9.300,3000,1,2,529120,0,2
2019-01-02 09:32:58.980000,9.340,5000,1,2,529206,0,2
2019-01-02 09:32:58.980000,9.380,500,1,2,529208,0,2
2019-01-02 09:32:59.410000,0.000,1000,1,2,197697,0,1
2019-01-02 09:32:59.620000,9.390,2200,2,2,530187,0,2
2019-01-02 09:32:59.750000,9.420,1900,1,2,530357,0,2
2019-01-02 09:33:00.150000,9.700,2500,2,2,531015,0,2
2019-01-02 09:33:00.300000,9.390,3000,2,2,531284,0,2
2019-01-02 09:33:00.410000,9.360,4300,2,2,531568,0,2
2019-01-02 09:33:00.480000,9.390,300,1,2,531715,0,2
2019-01-02 09:33:00.540000,9.390,20000,2,2,531878,0,2
2019-01-02 09:33:00.780000,9.350,300,1,2,532409,0,2
2019-01-02 09:33:00.840000,10.32,2000,2,2,532513,0,2
2019-01-02 09:33:01.120000,0.000,20000,2,2,420771,0,1
2019-01-02 09:33:01.480000,9.380,3700,1,2,533833,0,2
2019-01-02 09:33:02.080000,0.000,3000,2,2,144058,0,1
2019-01-02 09:33:02.240000,0.000,1900,2,2,422772,0,1
2019-01-02 09:33:02.650000,9.380,2000,1,2,535424,0,2
2019-01-02 09:33:03.280000,9.390,1200,2,2,536289,0,2
2019-01-02 09:33:03.320000,0.000,200,1,2,514641,0,1
2019-01-02 09:33:03.440000,9.420,185000,2,2,536646,0,2
2019-01-02 09:33:03.590000,9.390,400,1,2,536957,0,2
2019-01-02 09:33:03.940000,9.490,1000,2,2,537822,0,2
2019-01-02 09:33:04.110000,9.900,700,2,2,538107,0,2
2019-01-02 09:33:04.190000,9.390,8200,2,2,538213,0,2
2019-01-02 09:33:05.020000,0.000,2500,2,2,9934,0,1
2019-01-02 09:33:05.080000,9.390,100,1,2,539633,0,2
2019-01-02 09:33:05.430000,0.000,1100,2,2,431715,0,1
2019-01-02 09:33:05.700000,9.560,2200,2,2,540491,0,2
2019-01-02 09:33:06.550000,9.380,400,2,2,542056,0,2
2019-01-02 09:33:06.660000,9.450,1000,2,2,542296,0,2
2019-01-02 09:33:06.830000,9.390,500,2,2,542696,0,2
2019-01-02 09:33:07.830000,9.510,500,2,2,544594,0,2
2019-01-02 09:33:07.970000,9.390,3000,2,2,544846,0,2
2019-01-02 09:33:08.160000,10.30,600,2,2,545156,0,2
2019-01-02 09:33:08.450000,9.370,200,2,2,545637,0,2
2019-01-02 09:33:08.480000,9.360,3500,2,2,545676,0,2
2019-01-02 09:33:08.590000,9.390,1900,1,2,545788,0,2
2019-01-02 09:33:08.800000,9.350,1000,1,2,546039,0,2
2019-01-02 09:33:09.470000,0.000,1000,1,2,494713,0,1
2019-01-02 09:33:09.720000,9.350,500,1,2,547877,0,2
2019-01-02 09:33:10.070000,9.390,10000,1,2,548636,0,2
2019-01-02 09:33:10.520000,9.390,8500,2,2,549450,0,2
2019-01-02 09:33:11.280000,9.390,300,1,2,550342,0,2
2019-01-02 09:33:11.420000,9.380,1100,2,2,550504,0,2
2019-01-02 09:33:11.630000,10.32,200,2,2,550816,0,2
2019-01-02 09:33:11.630000,9.380,1000,2,2,550825,0,2
2019-01-02 09:33:11.690000,9.870,1700,2,2,550922,0,2
2019-01-02 09:33:12.210000,9.380,1000,2,2,551660,0,2
2019-01-02 09:33:12.410000,9.370,1600,1,2,552057,0,2
2019-01-02 09:33:12.690000,9.390,3000,1,2,552605,0,2
2019-01-02 09:33:13.350000,9.390,7800,1,2,553759,0,2
2019-01-02 09:33:13.380000,9.520,1000,2,2,553821,0,2
2019-01-02 09:33:13.850000,9.360,5000,1,2,554348,0,2
2019-01-02 09:33:14.470000,10.10,600,2,2,555220,0,2
2019-01-02 09:33:14.720000,9.380,10000,1,2,555518,0,2
2019-01-02 09:33:14.960000,9.380,2000,1,2,555764,0,2
2019-01-02 09:33:15.130000,10.05,1000,2,2,556019,0,2
2019-01-02 09:33:15.560000,9.390,7800,2,2,556871,0,2
2019-01-02 09:33:15.570000,9.390,4000,1,2,556890,0,2
2019-01-02 09:33:15.980000,9.380,1000,1,2,557749,0,2
2019-01-02 09:33:16.100000,9.390,300,1,2,558031,0,2
2019-01-02 09:33:16.300000,9.390,900,2,2,558306,0,2
2019-01-02 09:33:16.330000,9.360,2000,2,2,558336,0,2
2019-01-02 09:33:16.440000,9.390,1000,1,2,558470,0,2
2019-01-02 09:33:17.050000,9.360,1000,1,2,559263,0,2
2019-01-02 09:33:17.380000,9.310,1700,1,2,559670,0,2
2019-01-02 09:33:17.900000,9.580,5000,2,2,560406,0,2
2019-01-02 09:33:18.080000,0.000,100,1,2,511968,0,1
2019-01-02 09:33:18.150000,0.000,2500,2,1,560763,1,2
2019-01-02 09:33:18.650000,9.600,1000,2,2,561934,0,2
2019-01-02 09:33:19.030000,0.000,500,1,2,472037,0,1
2019-01-02 09:33:19.490000,9.360,3000,1,2,563516,0,2
2019-01-02 09:33:19.510000,9.370,100,2,2,563558,0,2
2019-01-02 09:33:19.780000,9.450,111700,2,2,564086,0,2
2019-01-02 09:33:19.940000,9.410,1100,2,2,564343,0,2
2019-01-02 09:33:20.160000,9.380,2800,1,2,564658,0,2
2019-01-02 09:33:20.420000,9.380,300,1,2,565090,0,2
2019-01-02 09:33:20.700000,9.380,600,1,2,565551,0,2
2019-01-02 09:33:21.070000,9.380,200,1,2,566131,0,2
2019-01-02 09:33:21.280000,9.420,1100,2,2,566621,0,2
2019-01-02 09:33:21.510000,0.000,2100,1,2,402115,0,1
2019-01-02 09:33:22.030000,0.000,45900,2,2,379998,0,1
2019-01-02 09:33:22.350000,9.390,1000,1,2,568718,0,2
2019-01-02 09:33:22.530000,9.380,700,1,2,568987,0,2
2019-01-02 09:33:22.580000,9.320,5000,1,2,569068,0,2
2019-01-02 09:33:22.740000,0.000,500,2,2,387526,0,1
2019-01-02 09:33:22.820000,9.480,500,2,2,569382,0,2
2019-01-02 09:33:22.960000,9.380,1000,1,2,569533,0,2
2019-01-02 09:33:23.470000,9.190,800,2,2,570107,0,2
2019-01-02 09:33:23.590000,0.000,70500,2,2,49118,0,1
2019-01-02 09:33:23.830000,9.680,1000,2,2,570620,0,2
2019-01-02 09:33:24.320000,9.390,200,2,2,571295,0,2
2019-01-02 09:33:24.700000,9.000,200,1,2,572081,0,2
2019-01-02 09:33:24.830000,9.360,1400,1,2,572321,0,2
2019-01-02 09:33:25.540000,9.380,2100,2,2,573530,0,2
2019-01-02 09:33:25.660000,9.360,7200,2,2,573692,0,2
2019-01-02 09:33:26.570000,10.30,500,2,2,574935,0,2
2019-01-02 09:33:27.020000,9.480,800,2,2,575433,0,2
2019-01-02 09:33:27.740000,9.350,8200,2,2,576548,0,2
2019-01-02 09:33:28.110000,9.320,7500,1,2,577194,0,2
2019-01-02 09:33:28.500000,0.000,3700,1,2,533833,0,1
2019-01-02 09:33:28.650000,9.390,1000,2,2,577924,0,2
2019-01-02 09:33:29.150000,9.380,800,2,2,578459,0,2
2019-01-02 09:33:29.250000,9.380,500,2,2,578592,0,2
2019-01-02 09:33:29.420000,9.390,500,1,2,578806,0,2
2019-01-02 09:33:29.850000,9.380,1100,2,2,579257,0,2
2019-01-02 09:33:29.870000,9.380,6800,2,2,579268,0,2
2019-01-02 09:33:30.140000,9.380,1300,2,2,579622,0,2
2019-01-02 09:33:30.220000,9.380,600,2,2,579740,0,2
2019-01-02 09:33:30.300000,9.380,1100,2,2,579844,0,2
2019-01-02 09:33:30.440000,9.380,1200,2,2,580098,0,2
2019-01-02 09:33:30.500000,9.380,600,2,2,580205,0,2
2019-01-02 09:33:30.550000,9.410,3200,2,2,580267,0,2
2019-01-02 09:33:30.560000,9.370,200,2,2,580282,0,2
2019-01-02 09:33:30.610000,9.380,1000,2,2,580344,0,2
2019-01-02 09:33:30.630000,9.380,600,2,2,580372,0,2
2019-01-02 09:33:30.650000,9.380,1000,2,2,580410,0,2
2019-01-02 09:33:30.840000,9.380,400,2,2,580707,0,2
2019-01-02 09:33:30.930000,9.380,3600,2,2,580815,0,2
2019-01-02 09:33:31.290000,9.380,10000,1,2,581531,0,2
2019-01-02 09:33:31.350000,9.380,200,2,2,581629,0,2
2019-01-02 09:33:31.390000,9.380,2600,2,2,581693,0,2
2019-01-02 09:33:31.460000,9.480,2000,2,2,581820,0,2
2019-01-02 09:33:32.360000,9.390,900,1,2,583403,0,2
2019-01-02 09:33:32.460000,9.300,1300,1,2,583607,0,2
2019-01-02 09:33:32.500000,9.380,4200,2,2,583684,0,2
2019-01-02 09:33:32.590000,9.380,4200,2,2,583849,0,2
2019-01-02 09:33:32.750000,0.000,3000,2,2,380115,0,1
2019-01-02 09:33:33.010000,9.360,3600,2,2,584596,0,2
2019-01-02 09:33:33.170000,9.420,1000,2,2,584849,0,2
2019-01-02 09:33:33.180000,9.100,200,1,2,584878,0,2
2019-01-02 09:33:33.180000,9.380,3000,1,2,584884,0,2
2019-01-02 09:33:33.430000,9.380,500,2,2,585425,0,2
2019-01-02 09:33:33.470000,9.380,600,2,2,585573,0,2
2019-01-02 09:33:33.960000,9.380,500,2,2,586522,0,2
2019-01-02 09:33:33.980000,9.380,1900,2,2,586550,0,2
2019-01-02 09:33:34.050000,9.370,1000,1,2,586666,0,2
2019-01-02 09:33:34.390000,9.380,6300,2,2,587248,0,2
2019-01-02 09:33:34.540000,9.380,700,2,2,587579,0,2
2019-01-02 09:33:34.550000,9.380,500,2,2,587586,0,2
2019-01-02 09:33:34.560000,9.380,800,2,2,587627,0,2
2019-01-02 09:33:34.620000,9.380,36700,2,2,587741,0,2
2019-01-02 09:33:34.790000,9.390,20700,2,2,588069,0,2
2019-01-02 09:33:34.860000,0.000,2500,2,1,588162,1,2
2019-01-02 09:33:34.990000,9.380,200,2,2,588358,0,2
2019-01-02 09:33:35.020000,9.380,400,2,2,588394,0,2
2019-01-02 09:33:35.050000,9.380,500,2,2,588450,0,2
2019-01-02 09:33:35.060000,9.380,300,2,2,588471,0,2
2019-01-02 09:33:35.140000,9.380,900,2,2,588572,0,2
2019-01-02 09:33:35.190000,9.380,6000,2,2,588630,0,2
2019-01-02 09:33:35.210000,9.380,1000,2,2,588661,0,2
2019-01-02 09:33:35.290000,9.380,100,1,2,588762,0,2
2019-01-02 09:33:35.520000,9.380,1100,2,2,589165,0,2
2019-01-02 09:33:35.530000,9.380,1200,2,2,589186,0,2
2019-01-02 09:33:35.620000,9.380,1000,2,2,589386,0,2
2019-01-02 09:33:35.680000,9.560,100,2,2,589464,0,2
2019-01-02 09:33:35.700000,9.380,400,2,2,589479,0,2
2019-01-02 09:33:35.790000,9.380,400,2,2,589630,0,2
2019-01-02 09:33:35.810000,9.380,200,2,2,589648,0,2
2019-01-02 09:33:35.930000,9.390,500,1,2,589827,0,2
2019-01-02 09:33:35.970000,9.350,1000,1,2,589869,0,2
2019-01-02 09:33:36.010000,9.380,500,2,2,589929,0,2
2019-01-02 09:33:36.030000,9.390,300,1,2,589955,0,2
2019-01-02 09:33:36.060000,9.380,1400,2,2,590014,0,2
2019-01-02 09:33:36.060000,9.380,1000,2,2,590019,0,2
2019-01-02 09:33:36.090000,9.380,1200,2,2,590060,0,2
2019-01-02 09:33:36.110000,0.000,500,1,2,212332,0,1
2019-01-02 09:33:36.120000,9.380,1200,2,2,590137,0,2
2019-01-02 09:33:36.150000,9.370,2700,2,2,590201,0,2
2019-01-02 09:33:36.150000,0.000,200,2,2,588358,0,1
2019-01-02 09:33:36.150000,0.000,1400,2,2,590014,0,1
2019-01-02 09:33:36.160000,9.370,2200,2,2,590217,0,2
2019-01-02 09:33:36.160000,9.370,400,2,2,590225,0,2
2019-01-02 09:33:36.160000,0.000,1100,2,2,589165,0,1
2019-01-02 09:33:36.170000,0.000,400,2,2,588394,0,1
2019-01-02 09:33:36.180000,0.000,1200,2,2,589186,0,1
2019-01-02 09:33:36.230000,0.000,500,2,2,588450,0,1
2019-01-02 09:33:36.230000,0.000,300,2,2,588471,0,1
2019-01-02 09:33:36.230000,0.000,1000,2,2,589386,0,1
2019-01-02 09:33:36.230000,0.000,200,2,2,589648,0,1
2019-01-02 09:33:36.270000,9.370,6800,2,2,590474,0,2
2019-01-02 09:33:36.280000,9.370,5900,2,2,590524,0,2
2019-01-02 09:33:36.490000,9.370,5900,2,2,591040,0,2
2019-01-02 09:33:36.530000,10.30,2000,2,2,591128,0,2
2019-01-02 09:33:36.540000,9.340,2100,2,2,591133,0,2
2019-01-02 09:33:36.840000,9.380,1000,2,2,591957,0,2
2019-01-02 09:33:36.910000,9.380,1600,2,2,592165,0,2
2019-01-02 09:33:36.960000,9.380,1000,2,2,592310,0,2
2019-01-02 09:33:36.980000,9.370,1600,2,2,592367,0,2
2019-01-02 09:33:37.070000,9.370,1100,2,2,592586,0,2
2019-01-02 09:33:37.230000,9.370,4700,2,2,592870,0,2
2019-01-02 09:33:37.260000,9.370,1000,2,2,592944,0,2
2019-01-02 09:33:37.280000,0.000,2500,2,1,592991,1,2
2019-01-02 09:33:37.560000,9.370,84700,2,2,593457,0,2
2019-01-02 09:33:37.840000,9.370,1500,2,2,593944,0,2
2019-01-02 09:33:37.970000,9.360,200,1,2,594188,0,2
2019-01-02 09:33:38.010000,9.380,1000,1,2,594257,0,2
2019-01-02 09:33:38.330000,9.370,1700,2,2,594822,0,2
2019-01-02 09:33:38.380000,0.000,2500,2,1,594929,1,2
2019-01-02 09:33:38.970000,9.370,5400,2,2,595893,0,2
2019-01-02 09:33:39.150000,9.360,9000,2,2,596137,0,2
2019-01-02 09:33:39.180000,9.360,6700,2,2,596183,0,2
2019-01-02 09:33:39.190000,0.000,1000,2,2,590019,0,1
2019-01-02 09:33:39.200000,9.360,7700,2,2,596223,0,2
2019-01-02 09:33:39.220000,9.360,15400,2,2,596267,0,2
2019-01-02 09:33:39.290000,9.360,14600,2,2,596413,0,2
2019-01-02 09:33:39.370000,9.370,1600,2,2,596683,0,2
2019-01-02 09:33:39.580000,9.360,1000,2,2,597132,0,2
2019-01-02 09:33:39.660000,9.370,1100,2,2,597264,0,2
2019-01-02 09:33:39.670000,9.350,2100,2,2,597294,0,2
2019-01-02 09:33:39.830000,9.390,8100,2,2,597719,0,2
2019-01-02 09:33:39.860000,9.370,600,2,2,597819,0,2
2019-01-02 09:33:39.900000,9.370,2100,2,2,597895,0,2
2019-01-02 09:33:40.160000,9.360,100,2,2,598460,0,2
2019-01-02 09:33:40.170000,9.360,1600,2,2,598469,0,2
2019-01-02 09:33:40.380000,9.390,400,1,2,598774,0,2
2019-01-02 09:33:40.390000,9.500,1000,2,2,598782,0,2
2019-01-02 09:33:40.420000,9.450,4500,2,2,598838,0,2
2019-01-02 09:33:40.450000,9.350,10000,2,2,598941,0,2
2019-01-02 09:33:40.470000,9.340,900,2,2,598983,0,2
2019-01-02 09:33:40.470000,9.360,12200,1,2,598989,0,2
2019-01-02 09:33:40.470000,9.360,8000,2,2,598996,0,2
2019-01-02 09:33:40.540000,9.380,900,1,2,599154,0,2
2019-01-02 09:33:40.580000,9.360,600,2,2,599200,0,2
2019-01-02 09:33:40.650000,9.500,5900,2,2,599294,0,2
2019-01-02 09:33:40.890000,8.440,2100,2,2,599647,0,2
2019-01-02 09:33:40.930000,9.380,5300,2,2,599778,0,2
2019-01-02 09:33:41.300000,9.390,4100,1,2,600408,0,2
2019-01-02 09:33:41.370000,9.380,100,1,2,600506,0,2
2019-01-02 09:33:41.510000,9.360,2400,2,2,600698,0,2
2019-01-02 09:33:41.650000,9.350,200,2,2,600881,0,2
2019-01-02 09:33:41.730000,9.390,1000,2,2,600990,0,2
2019-01-02 09:33:41.770000,9.360,16600,2,2,601027,0,2
2019-01-02 09:33:41.780000,9.380,300,2,2,601043,0,2
2019-01-02 09:33:41.880000,9.390,400,1,2,601184,0,2
2019-01-02 09:33:42.330000,9.360,1600,2,2,602044,0,2
2019-01-02 09:33:42.440000,9.360,2600,2,2,602314,0,2
2019-01-02 09:33:42.460000,9.360,20500,2,2,602443,0,2
2019-01-02 09:33:42.600000,9.380,300,1,2,602755,0,2
2019-01-02 09:33:42.600000,9.360,1200,2,2,602758,0,2
2019-01-02 09:33:42.720000,9.200,200,1,2,603076,0,2
2019-01-02 09:33:42.840000,9.330,1000,1,2,603383,0,2
2019-01-02 09:33:42.970000,9.360,4300,2,2,603674,0,2
2019-01-02 09:33:43.080000,9.360,22200,2,2,603852,0,2
2019-01-02 09:33:43.240000,9.390,500,1,2,604162,0,2
2019-01-02 09:33:43.280000,8.580,1500,1,2,604198,0,2
2019-01-02 09:33:43.430000,9.360,900,2,2,604422,0,2
2019-01-02 09:33:43.700000,9.350,900,2,2,604864,0,2
2019-01-02 09:33:44.080000,9.380,20000,2,2,605356,0,2
2019-01-02 09:33:44.400000,10.10,1000,2,2,605702,0,2
2019-01-02 09:33:44.660000,9.360,100,2,2,606060,0,2
2019-01-02 09:33:44.920000,9.360,200,2,2,606401,0,2
2019-01-02 09:33:45.010000,9.300,200,1,2,606532,0,2
2019-01-02 09:33:45.200000,9.360,900,2,2,606844,0,2
2019-01-02 09:33:45.350000,9.350,18600,2,2,607137,0,2
2019-01-02 09:33:45.530000,9.360,1600,2,2,607618,0,2
2019-01-02 09:33:45.530000,9.360,95700,2,2,607633,0,2
2019-01-02 09:33:45.570000,9.360,6100,2,2,607743,0,2
2019-01-02 09:33:45.740000,9.360,4500,2,2,608067,0,2
2019-01-02 09:33:45.780000,0.000,1000,2,2,588661,0,1
2019-01-02 09:33:45.780000,0.000,400,2,2,589479,0,1
2019-01-02 09:33:45.780000,0.000,400,2,2,589630,0,1
2019-01-02 09:33:45.780000,0.000,1000,2,2,592310,0,1
2019-01-02 09:33:45.780000,0.000,1500,2,2,593944,0,1
2019-01-02 09:33:45.810000,9.300,1000,1,2,608197,0,2
2019-01-02 09:33:46.090000,9.350,500000,2,2,608791,0,2
2019-01-02 09:33:46.100000,9.360,2300,2,2,608858,0,2
2019-01-02 09:33:46.180000,9.340,4400,2,2,608970,0,2
2019-01-02 09:33:46.180000,9.340,1000,2,2,608976,0,2
2019-01-02 09:33:46.260000,9.360,13700,2,2,609109,0,2
2019-01-02 09:33:46.650000,9.360,1100,2,2,609959,0,2
2019-01-02 09:33:47.130000,10.32,3800,2,2,610588,0,2
2019-01-02 09:33:47.310000,9.370,20000,2,2,610820,0,2
2019-01-02 09:33:47.580000,9.580,70500,2,2,611166,0,2
2019-01-02 09:33:47.880000,9.360,2300,1,2,611489,0,2
2019-01-02 09:33:48.020000,9.370,1000,2,2,611692,0,2
2019-01-02 09:33:48.150000,9.360,600,2,2,611897,0,2
2019-01-02 09:33:48.200000,0.000,6100,2,2,607743,0,1
2019-01-02 09:33:48.300000,9.350,24200,2,2,612205,0,2
2019-01-02 09:33:48.390000,9.340,10000,2,2,612447,0,2
2019-01-02 09:33:48.410000,9.340,45300,2,2,612484,0,2
2019-01-02 09:33:48.440000,9.340,2100,2,2,612559,0,2
2019-01-02 09:33:48.440000,0.000,1000,2,2,591957,0,1
2019-01-02 09:33:48.470000,0.000,1200,2,2,590137,0,1
2019-01-02 09:33:48.470000,0.000,600,2,2,597819,0,1
2019-01-02 09:33:48.520000,9.340,5400,2,2,612745,0,2
2019-01-02 09:33:48.700000,9.340,200,2,2,613252,0,2
2019-01-02 09:33:48.720000,9.340,5700,2,2,613318,0,2
2019-01-02 09:33:49.410000,9.350,100,1,2,614538,0,2
2019-01-02 09:33:49.520000,9.370,5300,1,2,614733,0,2
2019-01-02 09:33:49.550000,9.330,10500,2,2,614774,0,2
2019-01-02 09:33:49.550000,9.330,700,2,2,614783,0,2
2019-01-02 09:33:49.580000,9.210,2000,1,2,614828,0,2
2019-01-02 09:33:49.660000,9.340,1300,2,2,615002,0,2
2019-01-02 09:33:49.770000,9.370,71000,1,2,615167,0,2
2019-01-02 09:33:50.190000,9.520,400,2,2,615803,0,2
2019-01-02 09:33:50.260000,9.300,100,1,2,615888,0,2
2019-01-02 09:33:50.490000,9.330,900,2,2,616138,0,2
2019-01-02 09:33:50.840000,9.330,500,1,2,616672,0,2
2019-01-02 09:33:51.330000,9.380,1000,2,2,617683,0,2
2019-01-02 09:33:51.420000,0.000,1200,2,2,590060,0,1
2019-01-02 09:33:51.420000,0.000,4500,2,2,608067,0,1
2019-01-02 09:33:51.450000,0.000,900,2,2,588572,0,1
2019-01-02 09:33:51.450000,0.000,2300,2,2,608858,0,1
2019-01-02 09:33:51.450000,0.000,1100,2,2,609959,0,1
2019-01-02 09:33:51.510000,9.330,1600,2,2,618094,0,2
2019-01-02 09:33:51.520000,0.000,5400,2,2,595893,0,1
2019-01-02 09:33:51.520000,0.000,1100,2,2,597264,0,1
2019-01-02 09:33:51.530000,9.330,700,2,2,618140,0,2
2019-01-02 09:33:51.530000,9.360,900,2,2,618156,0,2
2019-01-02 09:33:51.530000,0.000,2100,2,2,597895,0,1
2019-01-02 09:33:51.530000,0.000,13700,2,2,609109,0,1
2019-01-02 09:33:51.700000,9.340,700,2,2,618499,0,2
2019-01-02 09:33:51.750000,9.330,1500,2,2,618632,0,2
2019-01-02 09:33:51.820000,9.330,600,2,2,618791,0,2
2019-01-02 09:33:52.670000,9.320,200,2,2,620281,0,2
2019-01-02 09:33:53.260000,0.000,300,2,2,601043,0,1
2019-01-02 09:33:53.450000,10.25,1000,2,2,621540,0,2
2019-01-02 09:33:53.990000,0.000,1000,2,2,284807,0,1
2019-01-02 09:33:54.530000,9.330,700,2,2,623344,0,2
2019-01-02 09:33:54.550000,9.330,2000,2,2,623391,0,2
2019-01-02 09:33:54.780000,9.330,500,2,2,623858,0,2
2019-01-02 09:33:54.840000,9.330,600,2,2,623988,0,2
2019-01-02 09:33:55.010000,9.420,500,2,2,624293,0,2
2019-01-02 09:33:55.040000,9.360,500,1,2,624354,0,2
2019-01-02 09:33:55.190000,0.000,900,2,2,618156,0,1
2019-01-02 09:33:55.330000,9.350,1600,1,2,624768,0,2
2019-01-02 09:33:55.520000,9.330,300,2,2,625107,0,2
2019-01-02 09:33:55.530000,0.000,7500,2,2,587741,0,1
2019-01-02 09:33:55.560000,9.330,200,2,2,625195,0,2
2019-01-02 09:33:55.830000,0.000,10500,1,2,328540,0,1
2019-01-02 09:33:56.070000,9.330,300,2,2,625827,0,2
2019-01-02 09:33:56.250000,9.340,5000,1,2,626041,0,2
2019-01-02 09:33:57.020000,0.000,8500,2,2,549450,0,1
2019-01-02 09:33:57.090000,0.000,5000,1,2,569068,0,1
2019-01-02 09:33:57.100000,9.320,1800,2,2,627052,0,2
2019-01-02 09:33:57.160000,9.310,6500,2,2,627133,0,2
2019-01-02 09:33:57.300000,9.340,5000,2,2,627385,0,2
2019-01-02 09:33:57.350000,9.340,5000,2,2,627476,0,2
2019-01-02 09:33:57.450000,9.340,400,2,2,627726,0,2
2019-01-02 09:33:57.520000,8.920,600,1,2,627897,0,2
2019-01-02 09:33:57.830000,9.520,4233,2,2,628529,0,2
2019-01-02 09:33:57.870000,9.330,500,2,2,628615,0,2
2019-01-02 09:33:58.290000,0.000,5000,2,2,627385,0,1
2019-01-02 09:33:58.360000,0.000,1700,1,2,559670,0,1
2019-01-02 09:33:58.690000,9.010,1000,1,2,630049,0,2
2019-01-02 09:33:58.820000,9.340,3000,1,2,630264,0,2
2019-01-02 09:33:58.850000,0.000,200,1,2,100014,0,1
2019-01-02 09:33:59.010000,8.440,2100,2,2,630562,0,2
2019-01-02 09:33:59.100000,9.330,100,1,2,630798,0,2
2019-01-02 09:33:59.160000,9.340,400,2,2,630948,0,2
2019-01-02 09:33:59.430000,9.280,3000,1,2,631265,0,2
2019-01-02 09:33:59.690000,0.000,100,1,2,60714,0,1
2019-01-02 09:33:59.720000,9.330,500,1,2,631631,0,2
2019-01-02 09:33:59.760000,9.330,1400,2,2,631698,0,2
2019-01-02 09:33:59.980000,0.000,1000,2,2,577924,0,1
2019-01-02 09:34:00.100000,9.340,300,1,2,632266,0,2
2019-01-02 09:34:00.180000,0.000,400,2,2,627726,0,1
2019-01-02 09:34:00.360000,0.000,400,2,2,630948,0,1
2019-01-02 09:34:00.470000,9.330,7800,2,2,633056,0,2
2019-01-02 09:34:00.770000,9.330,100,2,2,633573,0,2
2019-01-02 09:34:00.780000,9.800,800,2,2,633582,0,2
2019-01-02 09:34:00.850000,9.320,3200,1,2,633714,0,2
2019-01-02 09:34:01.060000,0.000,2000,2,2,308776,0,1
2019-01-02 09:34:01.310000,9.300,200,1,2,634746,0,2
2019-01-02 09:34:01.580000,9.100,300,1,2,635258,0,2
2019-01-02 09:34:02.300000,9.330,1100,1,2,636438,0,2
2019-01-02 09:34:02.490000,9.330,70000,1,2,636665,0,2
2019-01-02 09:34:02.600000,9.330,1000,1,2,636853,0,2
2019-01-02 09:34:02.690000,9.350,100,1,2,636957,0,2
2019-01-02 09:34:03.330000,0.000,24200,2,2,612205,0,1
2019-01-02 09:34:03.440000,0.000,1000,1,2,527913,0,1
2019-01-02 09:34:03.490000,9.330,400,2,2,638528,0,2
2019-01-02 09:34:03.660000,9.330,1000,1,2,638880,0,2
2019-01-02 09:34:03.760000,9.390,400,2,2,639127,0,2
2019-01-02 09:34:03.840000,9.500,500,2,2,639320,0,2
2019-01-02 09:34:03.980000,9.380,1000,2,2,639668,0,2
2019-01-02 09:34:04.170000,0.000,500,1,2,138777,0,1
2019-01-02 09:34:04.210000,9.530,1000,2,2,640094,0,2
2019-01-02 09:34:04.350000,9.320,1000,1,2,640356,0,2
2019-01-02 09:34:04.400000,9.290,900,1,2,640446,0,2
2019-01-02 09:34:04.470000,9.320,100,2,2,640576,0,2
2019-01-02 09:34:04.630000,10.20,1000,2,2,640852,0,2
2019-01-02 09:34:04.830000,9.990,400,2,2,641256,0,2
2019-01-02 09:34:04.870000,9.300,900,2,2,641320,0,2
2019-01-02 09:34:04.890000,9.310,5000,2,2,641354,0,2
2019-01-02 09:34:04.910000,9.750,1900,2,2,641387,0,2
2019-01-02 09:34:04.940000,9.310,1400,1,2,641423,0,2
2019-01-02 09:34:05.140000,9.310,4000,1,2,641827,0,2
2019-01-02 09:34:05.160000,9.030,2000,1,2,641846,0,2
2019-01-02 09:34:05.280000,9.350,400,1,2,642050,0,2
2019-01-02 09:34:05.390000,9.300,3200,1,2,642223,0,2
2019-01-02 09:34:05.500000,8.750,5000,1,2,642406,0,2
2019-01-02 09:34:05.720000,9.330,1000,1,2,642744,0,2
2019-01-02 09:34:05.740000,9.330,100,1,2,642783,0,2
2019-01-02 09:34:05.960000,9.500,46200,2,2,643104,0,2
2019-01-02 09:34:06.130000,0.000,1700,2,2,409821,0,1
2019-01-02 09:34:06.300000,9.340,600,1,2,643628,0,2
2019-01-02 09:34:06.970000,9.320,500,2,2,645121,0,2
2019-01-02 09:34:07.060000,9.330,2000,1,2,645289,0,2
2019-01-02 09:34:07.200000,9.330,2000,1,2,645520,0,2
2019-01-02 09:34:07.280000,0.000,313500,2,2,608791,0,1
2019-01-02 09:34:07.390000,9.350,800,1,2,645823,0,2
2019-01-02 09:34:07.530000,9.670,600,2,2,646041,0,2
2019-01-02 09:34:07.960000,9.180,2200,1,2,646597,0,2
2019-01-02 09:34:08.310000,0.000,2900,2,2,413352,0,1
2019-01-02 09:34:08.320000,9.340,10000,1,2,647038,0,2
2019-01-02 09:34:08.490000,9.330,17500,1,2,647233,0,2
2019-01-02 09:34:08.580000,9.330,5000,1,2,647309,0,2
2019-01-02 09:34:09.150000,9.360,100,2,2,647988,0,2
2019-01-02 09:34:09.160000,0.000,1100,2,2,387550,0,1
2019-01-02 09:34:09.850000,9.390,5600,2,2,649338,0,2
2019-01-02 09:34:09.920000,9.300,700,1,2,649582,0,2
2019-01-02 09:34:10.060000,9.340,5000,1,2,649878,0,2
2019-01-02 09:34:10.180000,9.330,300,2,2,650056,0,2
2019-01-02 09:34:10.570000,9.300,500,1,2,650591,0,2
2019-01-02 09:34:10.620000,9.320,1700,2,2,650665,0,2
2019-01-02 09:34:10.620000,9.350,500,1,2,650687,0,2
2019-01-02 09:34:10.890000,0.000,20000,2,2,610820,0,1
2019-01-02 09:34:11.080000,9.340,6200,1,2,651275,0,2
2019-01-02 09:34:11.140000,9.590,1600,2,2,651334,0,2
2019-01-02 09:34:11.250000,9.330,1000,1,2,651468,0,2
2019-01-02 09:34:11.620000,9.340,1400,1,2,651957,0,2
2019-01-02 09:34:11.650000,9.330,200,1,2,651999,0,2
2019-01-02 09:34:11.670000,9.250,2500,1,2,652022,0,2
2019-01-02 09:34:11.800000,9.330,10000,1,2,652163,0,2
2019-01-02 09:34:12.130000,9.310,1100,1,2,652646,0,2
2019-01-02 09:34:12.520000,9.320,4000,1,2,653342,0,2
2019-01-02 09:34:12.520000,9.350,3000,1,2,653347,0,2
2019-01-02 09:34:12.600000,9.400,2000,2,2,653540,0,2
2019-01-02 09:34:12.780000,9.630,500,2,2,653828,0,2
2019-01-02 09:34:12.800000,9.460,700,2,2,653886,0,2
2019-01-02 09:34:13.080000,9.300,3000,1,2,654411,0,2
2019-01-02 09:34:13.290000,9.430,1000,2,2,654698,0,2
2019-01-02 09:34:14.100000,10.25,1000,2,2,655701,0,2
2019-01-02 09:34:14.650000,9.340,100,1,2,656262,0,2
2019-01-02 09:34:14.730000,9.330,1000,1,2,656439,0,2
2019-01-02 09:34:14.900000,9.390,3000,1,2,656747,0,2
2019-01-02 09:34:15.040000,9.350,7500,2,2,656955,0,2
2019-01-02 09:34:15.070000,0.000,500,2,2,589929,0,1
2019-01-02 09:34:15.150000,9.350,200,2,2,657143,0,2
2019-01-02 09:34:15.310000,9.350,200,2,2,657399,0,2
2019-01-02 09:34:15.310000,9.350,200,2,2,657400,0,2
2019-01-02 09:34:15.330000,9.330,1600,2,2,657459,0,2
2019-01-02 09:34:15.500000,9.350,200,2,2,657832,0,2
2019-01-02 09:34:15.550000,9.340,200,2,2,657932,0,2
2019-01-02 09:34:15.800000,9.340,1000,1,2,658457,0,2
2019-01-02 09:34:16.000000,9.340,1100,2,2,658857,0,2
2019-01-02 09:34:16.350000,9.320,1200,1,2,659461,0,2
2019-01-02 09:34:16.650000,9.340,3000,1,2,659976,0,2
2019-01-02 09:34:16.720000,9.310,1000,1,2,660055,0,2
2019-01-02 09:34:16.880000,9.020,3000,1,2,660277,0,2
2019-01-02 09:34:17.660000,0.000,600,2,2,179670,0,1
2019-01-02 09:34:17.890000,9.360,47700,1,2,661622,0,2
2019-01-02 09:34:18.170000,9.360,2000,2,2,661972,0,2
2019-01-02 09:34:18.230000,9.360,3000,2,2,662059,0,2
2019-01-02 09:34:18.240000,9.360,2900,2,2,662078,0,2
2019-01-02 09:34:18.480000,9.360,3100,2,2,662504,0,2
2019-01-02 09:34:18.480000,9.340,23000,1,2,662530,0,2
2019-01-02 09:34:18.940000,9.330,100,1,2,663378,0,2
2019-01-02 09:34:19.020000,9.360,3000,2,2,663504,0,2
2019-01-02 09:34:19.160000,9.350,1000,1,2,663736,0,2
2019-01-02 09:34:19.170000,0.000,7600,2,2,371456,0,1
2019-01-02 09:34:19.480000,9.340,400,1,2,664199,0,2
2019-01-02 09:34:19.500000,9.360,100,2,2,664222,0,2
2019-01-02 09:34:19.540000,9.360,2000,2,2,664280,0,2
2019-01-02 09:34:19.610000,9.330,300,1,2,664430,0,2
2019-01-02 09:34:19.630000,9.300,300,1,2,664449,0,2
2019-01-02 09:34:19.890000,9.300,500,1,2,664796,0,2
2019-01-02 09:34:19.960000,9.360,2000,1,2,664864,0,2
2019-01-02 09:34:20.380000,9.350,200,2,2,665322,0,2
2019-01-02 09:34:20.970000,9.350,200,2,2,666124,0,2
2019-01-02 09:34:21.050000,9.210,900,1,2,666242,0,2
2019-01-02 09:34:21.160000,9.350,1000,2,2,666438,0,2
2019-01-02 09:34:21.170000,8.440,3000,2,2,666457,0,2
2019-01-02 09:34:21.180000,9.320,2000,1,2,666481,0,2
2019-01-02 09:34:21.180000,9.290,200,1,2,666482,0,2
2019-01-02 09:34:21.250000,9.350,1000,2,2,666618,0,2
2019-01-02 09:34:21.250000,9.380,5600,2,2,666624,0,2
2019-01-02 09:34:21.250000,9.350,4300,2,2,666635,0,2
2019-01-02 09:34:21.360000,9.350,4200,2,2,666862,0,2
2019-01-02 09:34:21.440000,9.750,400,2,2,667066,0,2
2019-01-02 09:34:21.670000,9.900,500,2,2,667488,0,2
2019-01-02 09:34:21.940000,9.340,1000,1,2,667997,0,2
2019-01-02 09:34:22.780000,9.360,20100,2,2,669106,0,2
2019-01-02 09:34:23.130000,9.000,1000,1,2,669488,0,2
2019-01-02 09:34:23.170000,9.340,3000,1,2,669527,0,2
2019-01-02 09:34:23.550000,9.380,3000,1,2,669959,0,2
2019-01-02 09:34:23.660000,9.300,300,1,2,670075,0,2
2019-01-02 09:34:23.890000,0.000,200,1,2,651999,0,1
2019-01-02 09:34:23.910000,9.350,4600,1,2,670322,0,2
2019-01-02 09:34:23.990000,9.330,1000,2,2,670468,0,2
2019-01-02 09:34:24.330000,9.340,700,2,2,670999,0,2
2019-01-02 09:34:24.450000,9.330,1000,1,2,671206,0,2
2019-01-02 09:34:24.510000,9.340,300,2,2,671294,0,2
2019-01-02 09:34:24.550000,9.370,2500,2,2,671357,0,2
2019-01-02 09:34:24.660000,9.340,10000,1,2,671543,0,2
2019-01-02 09:34:24.670000,9.340,10000,1,2,671545,0,2
2019-01-02 09:34:24.690000,9.370,100,2,2,671584,0,2
2019-01-02 09:34:24.780000,9.340,800,1,2,671803,0,2
2019-01-02 09:34:24.870000,9.200,200,1,2,671972,0,2
2019-01-02 09:34:25.120000,9.360,500,2,2,672395,0,2
2019-01-02 09:34:25.270000,10.30,1000,2,2,672600,0,2
2019-01-02 09:34:25.480000,9.410,2900,2,2,672884,0,2
2019-01-02 09:34:25.490000,9.350,400,2,2,672900,0,2
2019-01-02 09:34:25.530000,9.380,4800,2,2,672948,0,2
2019-01-02 09:34:25.740000,9.340,800,2,2,673234,0,2
2019-01-02 09:34:26.160000,9.370,1000,1,2,673751,0,2
2019-01-02 09:34:26.280000,9.370,3000,1,2,673948,0,2
2019-01-02 09:34:26.470000,9.340,200,2,2,674223,0,2
2019-01-02 09:34:26.480000,9.350,2000,1,2,674233,0,2
2019-01-02 09:34:26.580000,9.370,300,1,2,674343,0,2
2019-01-02 09:34:27.430000,9.350,9800,2,2,675528,0,2
2019-01-02 09:34:27.500000,9.350,500,2,2,675634,0,2
2019-01-02 09:34:27.500000,0.000,4000,1,2,194396,0,1
2019-01-02 09:34:27.680000,9.350,600,1,2,675929,0,2
2019-01-02 09:34:27.710000,9.280,5000,1,2,675981,0,2
2019-01-02 09:34:27.860000,9.260,400,1,2,676196,0,2
2019-01-02 09:34:27.980000,9.690,500,2,2,676453,0,2
2019-01-02 09:34:28.450000,9.350,300,2,2,677104,0,2
2019-01-02 09:34:29.100000,9.350,400,2,2,677870,0,2
2019-01-02 09:34:29.120000,9.250,1000,1,2,677899,0,2
2019-01-02 09:34:29.370000,9.360,200,2,2,678195,0,2
2019-01-02 09:34:29.400000,9.360,3000,1,2,678230,0,2
2019-01-02 09:34:29.580000,9.370,2000,2,2,678394,0,2
2019-01-02 09:34:29.660000,9.370,16700,2,2,678460,0,2
2019-01-02 09:34:29.730000,9.370,47600,1,2,678516,0,2
2019-01-02 09:34:29.730000,9.370,7400,2,2,678531,0,2
2019-01-02 09:34:29.760000,9.330,2000,1,2,678583,0,2
2019-01-02 09:34:29.770000,9.340,1800,1,2,678590,0,2
2019-01-02 09:34:29.870000,8.550,1000,1,2,678687,0,2
2019-01-02 09:34:30.110000,9.340,24100,1,2,678906,0,2
2019-01-02 09:34:30.270000,9.340,100,1,2,679177,0,2
2019-01-02 09:34:30.450000,9.360,500,2,2,679436,0,2
2019-01-02 09:34:30.490000,9.360,500,1,2,679501,0,2
2019-01-02 09:34:30.630000,9.360,500,1,2,679753,0,2
2019-01-02 09:34:31.030000,9.320,500,1,2,680452,0,2
2019-01-02 09:34:31.560000,9.330,300,1,2,681208,0,2
2019-01-02 09:34:31.800000,9.330,1000,1,2,681485,0,2
2019-01-02 09:34:31.980000,9.370,1000,2,2,681739,0,2
2019-01-02 09:34:32.050000,9.300,300,1,2,681810,0,2
2019-01-02 09:34:32.300000,9.350,3000,1,2,682200,0,2
2019-01-02 09:34:33.190000,9.360,100,2,2,683230,0,2
2019-01-02 09:34:33.240000,9.300,1300,1,2,683358,0,2
2019-01-02 09:34:33.600000,9.310,2000,1,2,683934,0,2
